2318 3818
148 195 190 262 56
491 183 709 258 surdorrr

146 385 219 428 unus
241 375 355 427 senator
375 364 518 425 damnatus
535 368 581 441 sit,
605 374 690 443 atque
705 366 730 423 is
748 373 840 424 tamen
863 373 1069 442 personatum

148 454 294 530 ignorante
319 447 447 509 Traiano.
490 447 534 508 0b
554 451 627 508 haec
650 466 702 527 per
721 448 820 507 orbem
838 457 974 508 terrarum
997 449 1067 510 Deo

130 540 134 547 '
149 537 295 613 proximus
303 532 373 594 nihil
384 548 440 591 non
450 535 640 592 venerationis
646 534 747 591 meruit
757 534 872 592 etvivus
884 540 913 591 et
922 542 1064 593 mortuus.

211 617 297 678 Das.
308 617 344 676 V.
373 615 450 675 Inter
464 616 520 676 alia
533 616 607 677 dicta
621 617 677 678 hoc
692 618 783 694 ipsius
797 616 887 676 fertur
901 619 1064 694 egregium.

146 701 253 761 Amicis
270 703 344 760 enim
353 699 540 779 culpantibus,
553 700 629 779 quod
640 702 721 786 nimis
736 703 811 760 circa
822 697 921 762 omnes
935 716 1065 761 commu-

147 786 191 846 nis
210 794 304 863 esset,
321 783 470 862 respondit
490 787 581 847 talem
594 805 628 848 se
641 788 858 865 imperatorem
872 788 1064 863 caaeprt‘aaa

148 872 197 945 tia,
221 872 328 947 quales
352 888 419 930 eoae
440 870 499 929 aiba'
521 871 888 948 imperatoreaepriaataa
915 877 1062 948 optasset.

148 951 216 1014 Post
235 956 379 1031 ingentem
401 955 487 1030 igitur
504 952 624 1029 gloriam
640 953 708 1012 belli
721 952 855 1031 domique
871 955 1027 1032 quaesitam
1045 971 1064 1012 e

93 1057 98 1065 ·
147 1036 264 1097 Perside
280 1036 393 1096 rediens
405 1035 480 1114 apud
491 1036 649 1096 Seleuciam
659 1036 785 1097 Isauriae
795 1037 935 1116 proiluvio
952 1039 1064 1097 ventris

148 1123 302 1182 exstinctus
315 1129 368 1179 est.
392 1118 469 1179 Obiit
479 1130 572 1180 autem
582 1122 682 1180 aetatis
694 1138 766 1182 auno
779 1141 862 1183 aurrr.
874 1139 972 1181 mense
983 1137 1063 1181 nono

148 1213 177 1263 et
188 1203 234 1263 dio
250 1213 360 1282 quarto,
374 1206 484 1282 imperii
498 1224 556 1266 m.
570 1223 669 1264 mense
685 1226 724 1266 vr.
739 1205 786 1265 die
802 1226 847 1266 xv.
878 1204 955 1264 lnter
968 1204 1063 1265 Divos

107 1334 123 1341 -
145 1287 251 1347 relatus
268 1296 312 1346 est
323 1287 461 1366 solusque
472 1290 595 1347 omnium
610 1291 681 1349 intra
695 1289 948 1367 urbemsepultus.
985 1288 1062 1349 Ossa

36 1396 39 1400 “
139 1375 210 1431 eius
222 1371 361 1431 collocata
373 1373 401 1430 in
416 1390 484 1431 urna
502 1390 587 1432 aurea
600 1375 627 1432 in
641 1373 716 1450 foro,
733 1373 811 1452 quod
821 1373 990 1449 aedificavit,
1004 1373 1063 1433 sub

32 1490 37 1512 .·
147 1455 276 1516 columna
287 1458 341 1515 sita
353 1465 427 1532 sunt,
447 1457 528 1516 cuius
540 1455 656 1517 altitudo
663 1472 756 1519 ‘cunrv
769 1457 858 1535 pedes
873 1458 967 1518 babet.
1001 1455 1062 1516 llu-

145 1543 190 1600 ius
210 1548 315 1600 tantum
337 1541 489 1599 memoriae
507 1540 630 1601 delatum
643 1550 701 1615 est,
725 1550 862 1619 utusque
884 1541 919 1601 ad
935 1550 1062 1600 nostram

43 1668 47 1682 Ι
145 1631 265 1684 aetatem
276 1639 333 1682 non
348 1623 429 1683 aliter
446 1625 475 1683 iu
493 1634 592 1684 senatu
603 1625 778 1701 principibus
794 1624 975 1701 acclametur,
988 1627 1061 1685 uisi:

145 1706 278 1768 Felicior
287 1704 437 1786 depasto,
461 1704 570 1769 Melior
591 1706 737 1768 Troicum.
759 1705 841 1773 Adeo
863 1709 892 1766 in
908 1723 944 1765 co
965 1708 1061 1784 gloria

144 1791 278 1851 bonitatis
290 1791 424 1868 obtinuit,
449 1799 480 1849 ut
494 1791 542 1850 vel
555 1791 762 1852 assentantibus
778 1791 825 1850 vel
841 1808 909 1850 vere
921 1790 1059 1853 laudanti·

144 1875 199 1935 bus
210 1878 392 1935 occasionem
403 1876 671 1952 magnificentissimi
683 1884 809 1953 praestet
820 1874 952 1952 exempli.

210 1960 262 2020 Ca
271 1979 299 2018 r.
316 1957 365 2018 Vl.
379 1957 463 2038 (ΙΙΙ.)
489 1958 638 2021 ,Defuncto
651 1958 771 2019 'lraiano
787 1958 887 2018 Aelius
901 1957 1059 2020 Hadrianus

146 2052 256 2103 creatus
268 2051 312 2101 cst
324 2044 469 2119 princeps,
483 2045 545 2101 sinc
554 2043 648 2121 aliqua
659 2043 772 2121 quidem
783 2044 927 2103 voluntate
934 2041 1058 2121 Traiani,

25 2128 32 2144 '⁴
145 2125 197 2186 sed
209 2142 325 2203 operam
337 2123 420 2183 dante
430 2123 554 2198 Plotina,
573 2124 683 2184 Traiani
695 2145 795 2186 uxore.
833 2126 904 2186 Nam
916 2145 980 2186 eum
991 2125 1059 2188 'lra-

30 2214 33 2228 ·’
144 2212 239 2284 ianus,
259 2225 417 2285 quanquam
430 2208 618 2268 consobrinae
629 2227 698 2268 suae
713 2210 812 2286 lilium,
834 2213 915 2273 rivus
929 2211 1059 2273 noluerat

25 2314 28 2322 ¹
144 2292 290 2371 adoptare.
319 2291 408 2352 Natus
421 2302 449 2352 et
460 2295 524 2371 ipse
533 2291 650 2352 Italicae
662 2295 690 2352 iu
700 2291 844 2372 llispania.
877 2294 933 2368 Qui
948 2295 1058 2355 Traiani

111 2400 119 2414 „
143 2377 253 2456 gloriae
265 2375 394 2436 invidens
409 2379 502 2437 statim
515 2380 678 2455 prouincias
692 2387 750 2438 tres
762 2379 886 2457 reliquit,
908 2397 979 2457 quas
990 2377 1057 2438 Tra·

144 2464 222 2522 ianus
239 2459 397 2538 addiderat,
422 2470 450 2520 et
464 2460 501 2521 dc
511 2462 647 2539 Assyria,
663 2460 869 2542 Mesopotamia
886 2471 915 2522 et
924 2462 1059 2522 Armenia

144 2545 290 2604 revocavit
306 2547 449 2604 exercitus
464 2563 498 2604 ac
515 2546 598 2605 linem
614 2548 725 2623 imperii
743 2565 809 2606 esse
823 2547 913 2607 voluit
928 2546 1057 2625 Euphra-

45 2658 47 2662 >
143 2637 209 2687 tem.
233 2624 313 2690 Idem
328 2625 364 2686 de
379 2626 467 2693 Dacia
483 2628 581 2688 iacere
601 2637 731 2689 conatum
748 2633 829 2690 amici
850 2630 1057 2707 deterruerunt,

25 2714 44 2786 ,“
144 2729 181 2772 nc
197 2709 276 2771 multi
299 2712 377 2770 cives
399 2710 517 2771 Romani
532 2712 659 2774 barbaris
684 2713 874 2790 traderentur,
902 2724 1058 2793 propterea

26 2788 40 2854 ⁴.
145 2795 222 2875 quod
240 2794 375 2857 Traianus
389 2795 562 2856 victaDacia
581 2816 617 2858 ex
631 2804 693 2856 toto
711 2797 781 2857 orbe
790 2797 918 2858 Romano
935 2799 1057 2858 infinitas

145 2895 181 2940 eo
194 2882 293 2957 copias
312 2880 454 2941 bominum
471 2881 649 2941 transtulerat
663 2881 699 2941 ad
710 2898 795 2959 agros
812 2890 841 2941 et
856 2883 942 2943 urbes
959 2882 1056 2943 colen·

100 2978 107 2995 ·
145 2963 207 3023 das?
237 2962 326 3023 baca
345 2967 419 3024 enim
431 2964 560 3024 diuturno
571 2965 650 3025 bello
661 2965 799 3025 Decebali
815 2968 883 3026 viris
899 2966 992 3027 iuerat
1006 2984 1056 3027 ex·

3 3090 11 3105 .
40 3067 47 3137 [
143 3047 251 3108 bansta.

207 3131 292 3197 Gar.
308 3129 371 3190 vll.
403 3131 506 3192 Pacem
517 3141 611 3192 tamen
629 3134 704 3192 omni
725 3142 855 3211 tempore
876 3136 987 3214 imperii
1010 3135 1056 3195 sui

142 3216 255 3292 babuit,
280 3213 370 3275 semel
393 3224 498 3276 tantum
517 3233 570 3296 per
586 3216 746 3294 praesidem
765 3217 915 3278 dimicarit.
949 3218 1057 3279 Orbem

20 3266 35 3372 J.
142 3299 298 3360 Romanum
310 3301 456 3364 circumiit.
476 3299 742 3361 llultaaediliearit.
763 3301 1056 3363 FacundissimnsLa·

27 3378 37 3413 ³
142 3385 201 3444 tino
222 3401 369 3462 sermone,
394 3381 505 3445 Graeco
522 3384 728 3447 eruditissimus
748 3385 810 3446 luit.
842 3384 907 3447 Non
926 3404 1056 3466 magnam
