2318 3818
198 205 240 269 oo
332 210 380 298 f
454 224 456 230 >
543 166 761 266 soracum

198 391 251 432 vus
262 375 326 450 iam,
338 381 370 432 ut
380 374 428 450 qui
442 374 685 451 septuagenariam
697 372 838 450 attigisset
852 379 984 446 aetatem,
998 371 1114 448 praela·

146 513 165 555 p
199 466 305 518 cturam
316 456 378 516 urbi
393 465 451 516 tum
463 473 566 534 agens,
590 475 625 516 ex
636 456 665 516 S.
680 453 713 514 G.
731 458 871 534 imperare
887 457 991 514 iussus.
1025 455 1114 516 Octo·

130 543 187 626 ej,
197 544 308 620 gesimo
330 542 440 618 imperii
457 540 503 600 die
526 542 765 618 praetorianorum
780 539 897 599 militum
919 538 1062 600 seditione
1085 550 1115 600 et

134 651 179 695 ιω,
198 624 298 686 luliaui
311 624 423 684 scelere
434 627 548 684 occisus
561 633 614 684 est.
1108 654 1112 664 ·

261 708 347 769 Car.
359 707 449 768 XVll.
463 707 545 788 (IX.)
567 707 636 768 Post
653 725 717 767 eum
726 705 838 766 Salvius
849 706 973 767 lulianus
984 726 1047 766 rem
1061 724 1113 786 pu-

194 793 297 855 blicam
308 795 425 869 invasit,
442 794 487 852 vir
497 792 602 852 nobilis
618 801 647 852 et
657 794 719 852 iura
730 793 931 868 peritissimus,
944 808 1038 869 nepos
1050 791 1113 851 Sal·

26 941 30 948 ,
194 879 233 938 vii
251 876 366 954 Iuliani,
390 879 437 954 qui
454 877 507 937 sub
519 875 585 935 divo
596 875 738 935 Hadriano
752 885 933 954 perpetuom
950 878 1114 953 composuit

87 998 89 1002 ·
195 962 337 1023 edictum.
369 961 468 1020 Victus
481 969 525 1021 est
535 979 552 1021 a
564 960 672 1020 Severo
687 959 762 1038 apud
773 958 1052 1038 Muluium'pontem,
1070 961 1112 1020 in·

182 1045 331 1106 'terfectus
353 1047 381 1106 iu
403 1044 518 1121 palatio.
550 1044 628 1103 Vixit
642 1044 787 1104 mensibus
807 1052 933 1123 septem,
959 1052 1113 1129 postquam

196 1137 334 1207 coeperat
348 1130 498 1205 imperare.
602 1163 604 1169 ι

259 1212 344 1271 (lar.
356 1210 460 1271 XVlll.
474 1212 542 1293 Ol.)
575 1211 647 1271 Hinc
666 1213 776 1289 imperii
792 1212 912 1271 Romani
931 1212 1112 1272 administra·

194 1298 300 1356 tionem
321 1295 474 1373 Septimius
495 1297 620 1356 Severus
640 1298 767 1374 accepit,
791 1295 925 1355 oriundus
946 1314 983 1355 ex
1000 1294 1112 1372 Africa,

195 1382 341 1458 provincia
352 1378 535 1458 Tripolitana,
552 1380 660 1458 oppido
676 1379 768 1458 Lepti.
802 1379 887 1439 Solus
912 1382 987 1439 omni
1002 1397 1114 1439 momo-

195 1467 235 1525 ria
252 1473 356 1524 etanta
367 1473 395 1523 et
411 1473 512 1542 postea
524 1464 662 1525 chirica
677 1467 831 1543 imperator
841 1463 904 1524 luit.
926 1464 978 1524 llic
990 1466 1114 1541 primum

115 1611 118 1615 ,
195 1549 257 1607 fisci
269 1548 432 1624 advocatus,
454 1567 520 1610 mox
535 1548 662 1609 militaris
679 1549 822 1624 tribunus,
846 1547 993 1626 permulta
1006 1547 1114 1609 deinde

194 1649 229 1691 ac
245 1634 322 1692 varia
332 1632 428 1692 cilicia
443 1642 527 1713 atque
542 1634 666 1692 honores
680 1648 773 1709 usque
788 1631 825 1691 ad
838 1631 1113 1692 administrationem

149 1708 154 1719 '
194 1718 281 1775 totius
293 1718 334 1775 rei
350 1716 481 1795 publicae
492 1718 579 1776 venit.
602 1714 777 1774 Pertinacem
788 1732 820 1774 se
832 1714 969 1792 appellari
980 1713 1113 1790 voluitiu

194 1800 335 1869 honorem¹
358 1803 420 1860 eius
442 1800 613 1875 Pertinacis,
638 1801 686 1877 qui
709 1817 725 1858 a
744 1796 852 1858 Iuliano
871 1799 962 1858 luerat
981 1800 1111 1861 occisus.

194 1883 297 1944 Parcus
312 1884 460 1944 admodum
475 1885 537 1961 luit,
550 1894 646 1944 natura
660 1901 772 1944 saevus.
804 1881 883 1943 Bella
897 1883 983 1942 multa
996 1883 1112 1944 vetleli·

195 1970 265 2027 citer
275 1971 376 2047 gessit.
399 1967 585 2027 Pescennium
600 1967 734 2045 Nigrum,
755 1969 802 2046 qui
814 1969 842 2027 in
853 1968 997 2045 Aegypto⁴
1010 1975 1039 2026 et
1053 1967 1112 2047 Sy·

193 2053 234 2112 ria
246 2052 449 2127 rebellaverat,
475 2050 551 2130 apud
566 2050 703 2129 Cynicum
722 2051 874 2112 interiecit.
907 2051 1113 2111 Parthosvicit

194 2144 223 2194 et
234 2133 343 2193 Arabas
355 2136 505 2193 interiores
521 2142 550 2192 et
563 2134 737 2193 Adiabenos.
773 2134 881 2195 Arabas
899 2153 934 2195 eo
951 2153 1044 2212 usque
1062 2154 1111 2195 su·

190 2219 314 2296 paravit,
333 2226 363 2277 ut
383 2219 466 2276 etiam
481 2219 655 2295 provinciam
668 2217 707 2276 ibi
721 2219 838 2278 iaceret.
871 2218 985 2278 Idcirco
1002 2218 1111 2280 Parthi·

194 2319 255 2378 cus,
264 2301 413 2378 Arabicus,
425 2301 616 2361 Adiabenicus
628 2301 719 2361 dictus
733 2312 786 2362 est.
809 2300 897 2362 blulta
907 2312 968 2363 toto
980 2303 1113 2363 Romano

142 2435 160 2476 Ρ
196 2387 267 2446 orbe
282 2389 432 2464 reparavit.
458 2386 517 2446 Sub
529 2403 564 2445 eo
579 2389 662 2446 etiam
675 2385 792 2446 Clodius
805 2386 935 2464 Albinus,
951 2380 999 2465 qui
1014 2389 1042 2446 in
1058 2402 1112 2446 oc·

125 2468 182 2546 mi,
197 2470 317 2529 cidendo
336 2470 483 2530 Pertinace
503 2472 600 2529 socius
616 2471 708 2531 luerat
722 2470 849 2549 Iuliano,
868 2470 1020 2531 Caesarem
1035 2489 1069 2530 se
1081 2474 1112 2531 in

137 2571 178 2614 ror.
195 2552 284 2613 Gallia
296 2553 380 2626 lecit,
403 2556 552 2632 victusque
568 2554 642 2631 apud
655 2553 820 2632 Lugdunum
832 2564 876 2614 cst
891 2565 920 2614 et
930 2556 1110 2615 interfectus.

245 2636 345 2696 Gar.
361 2635 439 2696 XIX.
472 2636 597 2696 Severus
609 2646 702 2697 autem
714 2648 827 2716 practer
838 2639 969 2699 bellicam
987 2638 1111 2717 gloriam

196 2721 279 2780 etiam
291 2719 421 2780 civilibus
434 2720 533 2780 studiis
546 2719 638 2780 clarus
655 2721 707 2781 luit
723 2731 752 2781 et
769 2721 859 2783 literis
875 2722 991 2800 doctus,
1013 2722 1109 2801 philo·

146 2829 174 2871 p.
194 2803 314 2882 sophiae
334 2807 481 2865 scientiam
496 2805 531 2865 ad
549 2804 663 2883 plenum
681 2803 811 2884 adeptus.
838 2805 1030 2867 Novissimum
1046 2807 1109 2868 bel-

127 2897 183 2940 od.
194 2888 252 2947 lum
268 2891 296 2948 in
310 2888 450 2950 Britannia
463 2889 575 2966 babuit,
602 2899 689 2968 utque
704 2900 836 2970 receptas
855 2893 1015 2970 provincias
1031 2893 1109 2952 omni

24 3023 27 3029 .
132 2966 178 3009 ⁹⁰⁸·
198 2975 350 3032 securitate
358 2976 489 3050 muniret,
507 2973 610 3033 vallum
622 2992 675 3052 per
684 2993 764 3035 mu
773 2975 848 3051 milia
860 2993 995 3055 passuum
1008 2993 1024 3036 a
1037 2977 1110 3036 mari

140 3068 167 3114 r.
195 3055 231 3116 ad
242 3074 318 3115 mare
333 3056 457 3118 deduxit.
475 3057 612 3119 Decessit
624 3057 746 3118 Eboraci
758 3058 906 3120 admodum
918 3077 1007 3120 senex
1017 3063 1109 3138 impe·

127 3138 185 3184 Μ·
194 3142 229 3201 rii
240 3156 312 3200 anno
323 3149 406 3200 sexto
418 3140 544 3218 decimo,
564 3160 663 3201 mense
679 3144 780 3219 tertio,
804 3143 932 3206 etDivus
947 3143 1109 3221 appellatus

133 3210 179 3251 ²¹¹·
196 3233 250 3284 est.
283 3222 335 3261 ***
349 3223 420 3296 Nam
431 3224 505 3285 lilios
520 3224 592 3286 duos
607 3242 793 3287 successores
805 3227 929 3306 reliquit,
942 3227 1109 3288 Bassianum

132 3344 135 3348 ·
196 3318 225 3370 et
242 3308 356 3385 Getam,
379 3308 431 3369 sed
448 3308 584 3370 Bassiano
600 3309 732 3371 Antonini
748 3329 882 3371 nomena
902 3320 1001 3372 senatu
1016 3312 1111 3372 voluit

193 3393 310 3472 imponi.
345 3391 445 3481 ltaque
457 3392 549 3453 dictus
563 3401 609 3454 est
623 3393 662 3454 ll.
677 3394 810 3455 Aurelius
825 3394 981 3457 Antoninus
994 3396 1108 3459 Bassia·
