2318 3818
189 206 232 271 64
535 210 750 269 ΕΗΤΒΟΡΙΙ

253 377 304 438 (la
313 397 340 436 r.
352 375 387 434 V.
408 373 476 436 lllox
486 377 672 452 imperatores
685 376 771 434 creati
783 382 847 433 sunt
859 370 956 433 Gallus
968 373 1104 435 Hostilia·

188 480 241 521 nus
258 471 287 520 et
298 458 369 519 Galli
381 457 464 534 lilius,
477 458 657 519 Volusianus.
680 458 738 518 Sub
750 457 980 518 uisaemilianus·
988 453 1104 518 inbice-

189 548 231 606 sia
252 562 300 604 res
316 560 404 602 noras
423 541 537 602 molitus
557 551 611 602 est.
641 541 787 620 Aliquem
802 541 1017 619 opprimendum
1039 559 1104 604 cum

188 628 270 688 ambo
282 627 405 705 proiecti
418 635 524 702 essent,
545 624 719 704 Interamnae
729 626 871 686 interfecti
883 634 947 686 sunt
957 635 1016 702 uon
1025 643 1105 700 cnm·

136 737 164 780 p,
190 711 267 790 pleto
282 712 406 771 biennio.
438 709 515 771 Nihil
529 712 642 770 omnino
658 709 762 769 clarum
774 718 934 787 gessemnt.
970 709 1037 770 Sola
1053 727 1104 788 pe-

121 806 178 850 cJt·
191 792 313 861 stil'entia
326 804 354 854 et
366 794 471 854 morbis
482 803 567 873 atque
579 792 799 872 aegritudinibus
810 801 894 853 notus
913 810 1010 853 eornm
1027 796 1104 872 prin-

47 898 56 906 ·
125 875 171 921 ²⁸³·
191 881 300 957 cipatus
319 879 379 939 luit.

253 964 339 1024 Gar.
350 960 399 1021 Vl.
413 961 479 1042 (V.)
500 961 673 1021 Aemilianus
685 962 887 1021 obscurissime
903 969 984 1021 natus
999 961 1105 1022 obscu-

188 1050 247 1108 rius
259 1047 407 1125 imperavit
422 1064 456 1106 ac
468 1048 553 1106 tertio
565 1063 663 1120 mense
676 1047 832 1106 exstinctus
844 1054 898 1105 est.

254 1131 340 1191 Gar.
355 1127 418 1188 v11.
439 1127 519 1209 (Vl.)
553 1128 625 1188 Hinc
636 1128 758 1189 Licinius
769 1129 945 1206 Valerianus,
965 1131 993 1189 iu
1003 1128 1107 1190 llaetia

190 1224 219 1274 et
234 1214 341 1288 Norico
358 1231 457 1291 agens,
483 1213 517 1272 ab
531 1213 657 1273 exercitu
673 1215 827 1290 imperator
842 1222 872 1272 et
882 1212 1106 1291 moxAugustus

190 1308 234 1359 cst
247 1298 349 1358 iactus.
387 1294 531 1356 Gallienus
546 1313 662 1376 quoque
673 1296 782 1356 Rornae
799 1305 927 1358 asenatu
942 1295 1048 1358 Caesar
1059 1307 1107 1358 est

100 1423 104 1432 -
189 1382 358 1462 appellatus.
381 1380 643 1458 Horumimperium
658 1380 1108 1460 Romanonominipernicicsum

190 1476 218 1527 et
229 1484 320 1545 paene
333 1464 477 1526 exitiabile
492 1464 546 1524 luit
559 1465 607 1524 vel
619 1465 952 1544 infelicitate‘priuoipnm
966 1464 1014 1524 rel
1025 1466 1106 1542 igna-

189 1554 244 1612 ria.
274 1548 404 1609 Germani
420 1548 583 1609 Ravennam
599 1567 692 1626 usque
711 1558 857 1609 venerunt.
892 1548 1059 1609 Valerianus
1076 1550 1107 1609 iu

21 1648 29 1660 ‘
139 1652 165 1694 r.
188 1633 396 1712 Mesopotamia
408 1632 514 1692 bellum
525 1651 630 1710 gerens
645 1651 662 1691 a
674 1634 794 1709 Sapore,
806 1631 952 1692 Persarum
963 1651 1046 1709 rege,
1060 1651 1106 1693 su·

100 1747 103 1750 >
122 1721 179 1765 Μ·
191 1726 305 1797 peratus
318 1725 380 1793 est,
397 1734 464 1777 mox
475 1717 558 1776 etiam
571 1725 670 1793 captus
687 1713 763 1793 apud
772 1713 890 1775 Parthos
910 1715 1029 1792 ignobili
1046 1735 1106 1776 ser·

125 1790 173 1835 ²⁵⁹·
188 1805 277 1862 vitute
289 1803 446 1862 consenuit.
772 1811 781 1863 ⁸.

213 1925 216 1929 ‹
255 1887 342 1948 Gur.
359 1883 435 1944 Vlll.
476 1884 620 1945 Gallienus
642 1903 705 1944 curn
723 1882 893 1943 adolescens
915 1881 1008 1942 factus
1026 1892 1107 1943 esset

188 1971 346 2049 Augustus,
362 1971 510 2047 imperium
523 1971 641 2045 primum
657 1967 790 2044 feliciter,
807 1984 874 2027 mox
885 1967 1046 2043 commode,
1070 1966 1106 2027 ad

189 2055 315 2114 ultimum
327 2055 489 2131 pomiciose
506 2053 607 2128 gessit.
641 2051 711 2111 Nam
728 2053 837 2111 iuvenis
856 2052 884 2110 iu
897 2048 986 2111 Gallia
999 2060 1028 2111 et
1038 2049 1104 2126 llly-

189 2140 250 2197 rico
269 2135 354 2195 multa
377 2145 491 2194 strenue
511 2133 582 2193 lecit
603 2137 702 2193 occiso
723 2134 799 2212 apud
818 2133 941 2194 lilursam
962 2133 1104 2213 Ingenuo,

191 2223 238 2300 qui
254 2236 404 2299 purpuram
422 2226 598 2295 sumpserat,
624 2226 653 2277 'et
666 2217 833 2296 Regaliano.
863 2217 919 2277 Diu
930 2218 1057 2296 placidus
1076 2228 1106 2278 ct

190 2307 313 2384 quietus,
332 2319 399 2363 mox
410 2305 438 2363 in
449 2320 559 2363 omnem
573 2301 717 2363 lasciviam
731 2301 897 2378 dissolutus,
911 2302 1050 2363 tenendae
1061 2300 1109 2362 rei¹

189 2389 322 2469 publicae
335 2389 459 2448 habenas
470 2388 609 2465 probrosa
620 2381 768 2465 ignaviaet
779 2385 980 2465 desperatione
988 2377 1105 2448 laxavit.

190 2474 334 2534 Alamanni
355 2474 472 2532 vastatis
496 2469 594 2533 Galliis
610 2473 638 2531 in
657 2469 763 2531 ltaliam
786 2479 1015 2550 penetraverunt.
1047 2471 1105 2531 Da·

193 2560 252 2631 cia,
277 2574 350 2632 quae
367 2554 513 2614 a'lraiano
531 2555 603 2615 ultra
613 2555 772 2615 Danubium
786 2555 878 2619 iuerat
892 2554 1019 2631 adiecta,
1047 2564 1107 2615 tum

192 2641 294 2701 amissa
306 2648 359 2698 est.
387 2636 515 2716 Graecia,
528 2637 705 2713 Macedonia,
722 2637 838 2715 Pontus,
853 2638 922 2699 Asia
933 2647 1041 2698 vastata
1053 2656 1107 2717 per

193 2720 312 2784 Gothos.
351 2720 491 2783 Pannonia
511 2741 527 2782 a
551 2723 684 2783 Sarmatis
706 2720 1027 2801 Quadisque'populata
1049 2731 1105 2783 est.

193 2807 322 2868 Germani
341 2825 433 2886 usque
448 2806 485 2867 ad
500 2807 649 2886 llispanias
669 2815 887 2886 penetraverunt
909 2816 938 2867 et
963 2809 1106 2867 civitatem

191 2892 315 2952 nobilem
336 2891 523 2952 Tarraconem
548 2900 787 2970 expugnaverunt.
828 2889 921 2952 Parthi
939 2890 1105 2970 blesopota·

191 2977 245 3034 mia
260 2984 398 3053 occupata
409 2977 518 3052 Syriam
528 2977 582 3036 sibi
597 2985 755 3054 coeperunt
767 2975 921 3037 vindicare.

169 3135 175 3147 .
256 3058 342 3119 Gar.
357 3057 407 3118 lx.
425 3059 520 3142 (Vll.)
549 3059 619 3119 Turn
630 3063 684 3120 iarn
696 3059 855 3139 desperatis
866 3060 953 3121 rebus
965 3068 994 3118 et
1008 3057 1106 3119 deleto

192 3161 285 3222 paene
300 3145 420 3222 imperio
432 3143 560 3205 Romano
570 3142 720 3204 Postumus
731 3147 760 3205 iu
776 3144 875 3221 Gallia,
900 3144 1105 3205 obscurissime

191 3235 282 3304 natus,
297 3236 446 3305 purpuram
458 3231 578 3307 sumpsit
589 3238 617 3288 et
628 3245 680 3306 per
691 3245 779 3290 anuos
787 3228 887 3289 decem
895 3230 934 3289 ita
944 3228 1103 3306 imperavit,

193 3321 223 3371 ut
240 3321 425 3391 consumptas
435 3329 527 3390 paene
539 3315 700 3391 provincias
719 3315 825 3392 ingenti
842 3315 945 3373 virtute
962 3321 993 3372 et
1007 3310 1105 3375 morle-

193 3397 301 3456 ratione
312 3399 495 3476 reparaverit.
518 3395 573 3471 Qui
584 3396 724 3458 seditione
738 3397 855 3457 militum
866 3398 1032 3458 interiectus
1048 3405 1104 3474 est,
