2318 3818
25 212 35 222 '
132 224 173 291 12
478 228 701 286 aurnorrr

131 404 208 470 eree,
229 410 292 452 eum
304 402 388 470 pater
400 395 427 452 ei
438 391 691 453 Fabiusllaximus
702 389 815 468 legatus
833 390 913 451 datus
933 390 1047 468 inisset,

131 486 160 538 ot
170 477 308 536 Samnitas
322 477 401 554 vicit,
414 485 445 536 et
459 475 577 554 plurima
588 493 686 535 eorum
700 472 807 553 oppida
819 476 905 552 oepit.
936 473 1049 534 Deinde

128 560 159 622 P.
168 558 452 636 Corneliusllulinus,
460 559 569 619 llanius
578 557 679 619 Curius
688 559 836 634 Dentatus,
849 558 931 618 ambo
944 573 1048 617 oonsu-

128 644 182 720 les,
196 650 293 703 eontra
305 643 444 703 Samnitas
461 645 541 703 missi
559 643 721 720 ingentibus
742 641 859 719 proeliis
880 657 932 702 eos
949 641 1047 701 oonte-

129 744 206 788 oere.
241 725 311 786 'lum
327 726 433 786 bellum
455 744 518 786 oum
533 726 704 787 Samnitibus
723 743 776 804 per
790 741 881 786 annos
897 742 1001 785 novem
1018 733 1049 785 et

128 830 166 870 ιι,
184 808 277 870 aetum
293 809 476 870 sustulerunt·
507 809 611 889 Neque
626 809 701 870 ullus
720 810 813 869 hostis
832 809 886 868 init
904 811 975 869 intra
991 805 1047 867 Ita·

127 894 203 970 liam,
217 895 264 972 qui
279 893 433 954 Romanam
444 896 576 954 uirtutem
586 895 677 970 magis
693 893 864 970 fatigaverit.

59 1003 114 1049 nn,
195 978 280 1038 Gur.
292 977 329 1037 X.
351 976 511 1037 Interieetit
529 976 638 1056 aliquot
649 978 727 1037 annis
738 979 840 1037 iterum
858 994 891 1036 se
903 973 1047 1035 Gallorum

70 1071 115 1113 itt·
129 1063 232 1138 copiae
248 1070 346 1121 eontra
363 1059 507 1120 Romanos
519 1060 621 1121 'luscis
639 1061 869 1138 Samnitibusque
884 1061 1045 1135 iunxerunt,

129 1144 180 1203 sed
192 1162 256 1203 eum
267 1144 385 1204 Romam
396 1143 556 1222 tenderent,
569 1162 586 1206 a
599 1143 650 1209 Gn.
663 1143 798 1204 Cornelio
810 1142 962 1205 Dolabella
978 1158 1046 1201 oon·

128 1227 401 1288 suledeietaesnnt.
860 1268 862 1273 >

59 1325 114 1368 no.
190 1310 280 1372 (lna.
295 1310 441 1393 x1.(vl.)
463 1311 573 1373 Eodem
590 1321 721 1388 tempore
738 1308 906 1385 Tarentinis,
926 1310 974 1386 qui
990 1310 1047 1368 iam

70 1391 117 1436 ⁴⁷¹·
127 1397 156 1456 in
166 1395 262 1456 ultima
274 1393 354 1457 ltalia
365 1405 440 1474 sunt,
454 1396 560 1457 bellurn
570 1394 705 1455 indictum
720 1402 775 1469 eat,
796 1394 862 1472 quia
872 1392 975 1470 legatis
987 1391 1046 1451 Ro·

127 1496 272 1540 manorum
286 1482 415 1541 iniuriam
434 1481 583 1541 iecissent.
606 1478 650 1539 lit
662 1477 814 1556 Pyrrhum,
836 1475 917 1555 Epiri
934 1492 1044 1554 regem,

128 1572 226 1621 oontre
246 1562 391 1622 Romanos
413 1563 546 1622 auxilium
568 1570 782 1640 poposcerunt,
810 1562 859 1638 qui
881 1576 1047 1636 exgenere

127 1643 247 1703 Achillis
262 1642 401 1720 originem
413 1643 551 1705 malebat.
583 1643 612 1702 ls
625 1660 692 1701 mox
703 1643 738 1702 ad
749 1640 858 1701 ltaliam
868 1643 957 1718 venit,
975 1650 1046 1702 tum·

128 1744 185 1805 que
194 1728 313 1804 primum
324 1725 443 1786 Romani
455 1743 518 1785 oum
529 1726 713 1788 transmarino
728 1725 813 1785 hoste
831 1724 1046 1788 dimicaverunt.

127 1808 234 1870 llissus
246 1818 292 1869 est
302 1818 471 1871 contraeum
479 1810 579 1871 eonsul
590 1808 913 1884 P.ValeriusLaevinus,
924 1809 972 1886 qui
982 1825 1047 1868 oum

129 1893 329 1972 exploratores
343 1890 441 1970 Pyrrhi
459 1897 604 1973 cepisset,
627 1895 711 1954 iussit
729 1911 782 1953 eos
799 1901 956 1970 porcestre
968 1891 1045 1969 duoi,

129 1977 242 2038 ostendi
255 1995 368 2038 omnem
383 1981 549 2055 exereitum,
563 1989 679 2056 tumque
690 1977 800 2053 dimitti,
808 1984 844 2035 >ut
851 1977 1046 2044 ‚renuntiarent

127 2060 246 2136 Pyrrho,
260 2077 448 2139 quaeeunque
463 2061 787 2138 aRomanisagerentur.
812 2057 1046 2120 Commissamox

22 2142 26 2153 “
128 2160 233 2221 pugna,
247 2161 311 2203 oum
322 2143 508 2220 iamPyrr'hus
519 2145 645 2222 lugeret,
659 2143 874 2221 elephantorum
885 2142 989 2206 auxido
1003 2144 1044 2201 vi·

128 2229 182 2302 eit,
206 2240 279 2305 quos
296 2228 459 2305 incognitos
471 2227 590 2289 Romani
602 2235 787 2305 expaverunt
821 2225 880 2287 Sed
891 2244 949 2288 nox
961 2243 1044 2306 proe-

127 2309 167 2369 lio
186 2309 270 2371 linem
284 2309 376 2382 dedit;
391 2310 535 2373 laevinus
555 2321 650 2373 tamen
667 2329 721 2392 per
735 2320 849 2372 noetenr
866 2311 955 2389 fugit,
977 2310 1045 2386 Pyr·

127 2394 195 2453 rhus
207 2394 351 2456 Romanos
362 2396 429 2456 mile
444 2398 626 2475 octingentos
645 2398 725 2487 oepit
736 2412 867 2475 eosque
866 2411 974 2455 summo
993 2395 1045 2454 lro·

126 2494 198 2536 nore
209 2482 349 2555 tractavit
368 2482 483 2540 ooeisos
496 2479 650 2558 sepelivit·
651 2469 757 2553 Quos
776 2497 839 2539 oum
850 2477 973 2540 adverso
984 2477 1046 2537 vul

127 2576 197 2619 nere
213 2569 241 2619 et
257 2562 330 2620 truei
348 2560 426 2621 vultu
438 2565 522 2621 etiam
533 2565 685 2641 mortuos
677 2580 773 2622 meere
784 2561 921 2636 vidisset,
944 2560 1045 2621 tulisse

46 2710 48 2714 7
126 2642 163 2702 ad
182 2642 293 2703 ooelnrn
310 2661 408 2704 manus
417 2643 528 2705 dieitur
545 2662 609 2704 eum
626 2645 680 2704 hoo
693 2661 785 2705 vooe.
803 2663 838 2706 ae
853 2645 942 2705 totius
960 2645 1046 2706 ordia

128 2727 282 2789 dominum
297 2747 364 2790 eaeo
371 2731 519 2808 potuisse,
532 2729 714 2789 attoleaoibi
724 2729 1044 2807 militaeooutiqt'aoeut.

57 2828 116 2870 nu.
192 2812 279 2871 Gar.
291 2809 356 2872 Xll.
372 2809 467 2891 (VII.)
490 2811 593 2872 Postea
607 2810 731 2889 Pyrrhus
749 2813 851 2872 iunctis
870 2811 925 2872 sihi
937 2812 1045 2872 Samni·

68 2895 115 2938 ⁴⁷²·
126 2895 219 2970 tibus,
241 2893 360 2955 Lucanis
377 2895 550 2974 Bruttiisque
566 2894 684 2956 Romam
702 2897 837 2974 perrexit,
859 2898 952 2957 omnia
968 2895 1045 2956 ferro

127 2979 245 3055 ignique
263 2981 398 3055 vastarit,
420 2977 600 3057 Campaniam
625 2979 815 3058 depopulatus
838 2989 884 3040 est
905 2989 990 3058 atque
1010 2978 1046 3040 ad

127 3058 300 3140 Praenesten
314 3065 393 3122 venit
411 3062 531 3123 miliario
551 3063 586 3124 ab
611 3063 737 3123 arbee
571 3063 945 3149 WQdeeimo
976 3063 1046 3126 llox

13 3134 37 3233 *⁴⁷
126 3155 237 3205 terrore
248 3147 402 3223 exereitus,
402 3146 545 3226 qdi'd'um
507 3126 694 3207 ‘''o'onsule
689 3149 914 3226 sequentianno
925 3145 1044 3225 (lampa-

126 3231 201 3288 niam
213 3246 245 3289 se
256 3231 376 3307 recepit.
409 3228 508 3308 legati
527 3230 563 3290 ed
573 3230 709 3307 Pyrrhum
721 3231 757 3291 de
767 3229 940 3291 redimendis
956 3233 1045 3308 eapti·

126 3329 172 3371 ιιι
179 3312 305 3374 musanell
317 3329 354 3372 eo
364 3313 522 3374 honorilice
532 3318 660 3392 suseepti
671 3325 745 3375 sunt.
759 3313 931 3394 Gapdvos
906 3332 968 3374 stne
979 3327 1087 3392 pre·

126 3395 168 3454 tio
186 3394 304 3456 Romam
321 3398 406 3457 misit.
438 3396 531 3458 Unum
550 3416 587 3457 ex
604 3398 707 3476 legatis
719 3397 925 3474 Romanorum,
947 3396 1044 3458 Fabri·
