2318 3818
422 224 570 280 LIBER
600 226 641 284 lll.
949 227 990 289 19

72 387 117 446 lns
131 387 508 466 cumparvamanuequitum
520 387 662 449 dimicavit
674 399 702 449 et
719 409 818 469 regem
835 391 988 472 Gallorum,

71 471 266 530 Virdomarum
279 472 402 546 nomine,
420 489 502 530 manu
513 489 564 531 sua
576 473 691 533 occidit.
714 473 817 536 Postea
829 495 892 536 cum
900 469 988 538 colle·

71 575 108 633 ga
128 557 258 633 ingentes
277 554 377 632 copias
390 552 533 614 Gallorum
548 560 679 634 peremit,
696 557 887 620 Mediolanum
899 581 987 640 expu-

71 641 178 717 gnavit,
191 637 326 716 grandem
335 638 467 715 praedam
478 638 596 698 Romam
609 641 733 718 pertulit.
759 643 988 724 detriumphans

70 722 222 783 Marcellus
236 721 328 800 spolia
341 719 413 781 Calli
430 724 518 799 stipiti
537 725 670 800 imposita
681 727 805 786 humeris
824 731 883 787 suis
899 732 985 790 vexit.

135 804 295 866 Camvll.
314 803 353 864 ll.
366 803 491 865 Minucio
504 806 590 883 Rufo,
607 807 637 870 P.
654 808 790 870 Cornelio
803 828 881 870 coss.
905 812 985 873 Istris
996 832 1054 879 am.

69 891 175 951 bellum
193 889 299 950 illatum
315 898 375 965 est,
401 891 467 968 quia
484 890 640 952 latrocinati
661 895 779 954 navibus
796 895 986 956 Romanorum
1001 903 1047 945 531-

69 976 194 1051 lucrant,
223 992 296 1052 qnae
323 974 462 1033 frumenta
484 975 668 1054 exhibebant,
695 978 903 1058 perdomitique
922 991 986 1040 sunt

70 1076 177 1119 omnes.
197 1056 280 1137 (Ill.)
296 1056 407 1116 Eodem
418 1072 490 1117 anno
502 1057 607 1119 bellum
619 1059 753 1120 Punicum
764 1063 918 1123 secundnm
926 1065 984 1125 Ro·
1000 1074 1046 1118 tto

67 1144 156 1202 manis
174 1140 281 1201 illatum
297 1150 342 1200 est
359 1158 410 1219 per
426 1139 626 1220 Hannibalem,
651 1143 923 1224 Carthaginiensium
935 1149 984 1208 du·

68 1244 142 1301 cern,
166 1227 214 1304 qui
236 1224 405 1303 Saguntum,
428 1225 580 1303 Hispaniae
596 1231 748 1305 civitatem,
767 1230 901 1291 Romanis
917 1235 984 1292 ami-

68 1329 144 1386 cam,
169 1326 335 1387 oppugnare
347 1327 501 1386 aggressus
514 1319 573 1388 cst,
596 1329 697 1372 annum
713 1331 803 1390 agens
817 1316 984 1375 vicesimum
1060 1315 1063 1320 ’

67 1396 178 1469 aetatis,
200 1395 293 1471 copiis
309 1395 492 1470 congregatis
511 1414 546 1453 cn
562 1395 678 1453 milium.
708 1395 780 1455 Huic
795 1396 915 1456 Romani
932 1417 984 1476 per

66 1478 179 1554 legatos
194 1476 437 1553 denuntiaverunt,
450 1475 564 1536 utbello
576 1478 740 1538 abstineret.
763 1477 792 1538 Is
807 1479 919 1557 legatos
935 1482 982 1541 ad·

66 1564 178 1620 mittere
194 1559 292 1619 noluit.
325 1559 445 1619 Romani
465 1562 548 1619 etiam
562 1559 762 1640 Carthaginem
779 1565 929 1641 miserunt,
952 1575 983 1626 ut

65 1644 243 1705 mandaretur
254 1643 411 1721 Hannibali,
428 1663 464 1703 ne
476 1643 581 1703 bellum
593 1654 690 1706 contra
701 1649 798 1706 socios
810 1649 909 1726 populi
924 1650 982 1710 Ro·

65 1731 137 1789 mani
152 1737 277 1808 gereret.
300 1728 376 1788 Dura
391 1745 531 1806 responsa
544 1747 560 1788 a
572 1719 852 1807 Carthaginiensibus
862 1733 980 1794 reddita.

65 1813 212 1890 Saguntini
229 1815 336 1872 interea
358 1812 432 1870 larue
451 1813 519 1870 victi
531 1821 605 1888 sunt,
625 1816 757 1891 captique
774 1815 809 1874 ab
827 1814 981 1876 Hannibale
1004 1888 1006 1890 ,

64 1896 169 1956 ultimis
181 1898 283 1973 poenis
294 1895 461 1956 alliciuntur.

130 1980 214 2041 Car.
231 1976 307 2038 Vlll.
328 1977 398 2036 Tum
409 1976 439 2036 Ρ.
456 1975 606 2038 Cornelius
618 1978 718 2056 Scipio
731 1997 794 2038 cum
810 1983 981 2040 exercituin

63 2062 226 2141 Hispaniam
241 2062 388 2140 profectus
402 2071 456 2139 est,
470 2060 599 2122 Tiberius
611 2062 797 2141 Sempronius
810 2064 978 2124 inSiciliam.
1014 2107 1016 2120 ,

63 2147 173 2207 Bellum
181 2144 459 2225 Carthaginiensibus
472 2146 605 2206 indictum
617 2156 670 2206 est.
694 2146 775 2227 (lv.)
787 2146 924 2208 Hannibal
935 2167 978 2208 re·

63 2231 131 2291 licto
144 2234 171 2291 in
181 2230 316 2309 Hispania
328 2231 413 2290 fratrc
425 2228 600 2290 Hasdrubale
610 2230 784 2307 Pyrenaeum
796 2233 914 2292 transiit.
928 2233 978 2291 hl·

64 2334 128 2393 pcs,
142 2316 233 2375 adhuc
245 2334 278 2375 ea
291 2324 372 2392 parte
385 2316 486 2390 invias,
503 2315 556 2372 sibi
570 2315 716 2391 patefecit.
741 2314 870 2374 Traditur
881 2315 977 2375 adlta-

62 2399 128 2459 liam
141 2419 216 2459 uxxn
228 2398 304 2458 milia
316 2397 453 2476 peditum,
471 2398 524 2475 [et]
539 2417 576 2455 xx
587 2397 662 2455 milia
678 2399 813 2475 equiturn,
828 2407 938 2474 septem
951 2408 979 2457 ct

62 2502 120 2543 xxx
135 2482 303 2559 elephantos
316 2481 477 2540 adduxisse.
510 2479 621 2540 Interea
638 2480 716 2540 multi
728 2480 847 2559 Ligures
865 2489 894 2540 et
907 2480 977 2542 Calli

62 2566 209 2626 Hannibali
224 2583 256 2624 se
269 2567 483 2625 coniunxerunt.
507 2563 844 2642 SemproniusCracehus
861 2567 977 2643 cognito

62 2651 97 2711 ad
115 2649 223 2710 ltaliam
233 2648 397 2710 Hannibalis
409 2649 530 2710 adventu
543 2667 580 2708 cx
591 2650 688 2709 Sicilia
704 2651 861 2709 exercitum
875 2647 976 2709 Arimi·

61 2753 126 2795 num
139 2735 259 2795 traiecit.

126 2818 211 2878 Car,
222 2816 273 2878 IX.
296 2817 325 2880 P.
338 2815 489 2878 Cornelius
501 2817 600 2895 Scipio
612 2815 759 2877 Hannibali
773 2818 879 2894 primus
891 2815 977 2892 [apud

61 2901 200 2978 Ticinum]
214 2904 347 2961 occurrit.
377 2899 539 2964 Commisso
561 2901 690 2978 proelio,
719 2900 824 2977 iugatis
837 2901 896 2958 suis
912 2901 977 2977 ipsc

60 2985 224 3062 vulneratus
241 2986 270 3044 in
286 2992 378 3044 castra
388 2984 481 3045 rediit.
516 2985 702 3063 Sempronius
715 2981 860 3044 Gracchus
872 2991 900 3042 et
912 2986 976 3061 ipse

61 3069 188 3147 confligit
200 3068 274 3146 apud
286 3067 416 3128 Trebiam
429 3087 546 3129 amnem.
560 3069 589 3129 ls
605 3084 720 3147 quoque
731 3069 861 3127 vincitur.
874 3066 975 3126 Hanni·
1023 3084 1024 3088 ¹

59 3154 117 3215 bali
130 3153 208 3213 multi
220 3171 253 3212 sc
263 3154 292 3212 in
305 3151 384 3213 ltalia
395 3152 569 3212 dediderunt.
583 3152 660 3213 'lude
673 3151 843 3211 adTusciam
854 3153 973 3210 veniens
986 3161 1042 3203 em.

60 3236 197 3298 Hannibal
208 3236 347 3298 Flaminio
360 3236 469 3298 consuli
486 3239 619 3297 occurrit.
641 3233 738 3314 Ipsum
753 3236 918 3296 Flaminium
933 3229 1029 3292 inlli-

59 3324 181 3382 teremit.
203 3320 394 3383 Romanorum
408 3321 549 3385 xxvmiliu
566 3338 651 3382 caesa
663 3328 736 3396 sunt,
754 3320 842 3380 ceteri
854 3316 974 3394 diffuge-

59 3415 133 3467 runt.
161 3404 267 3468 blissus
283 3406 420 3469 adversus
435 3404 617 3467 Hannibalem
632 3413 734 3483 postea
748 3422 764 3463 a
780 3401 915 3546 {omanis
938 3397 973 3474 Q.
