2318 3818
458 215 597 270 LlBllR
616 215 655 272 lll.
946 173 1013 276 ¹4³
1050 217 1054 224 ’

98 378 193 437 tuisse
206 376 361 452 superari.
384 374 496 435 Deinde
509 378 537 435 in
548 375 695 438 Thessalia
706 377 781 456 apud
791 376 1011 457 Palaeopbarsa·

97 458 155 518 lum
176 457 322 536 productis
344 460 484 538 utrimque
507 462 669 539 ingentibus
691 463 784 540 copiis
801 462 1011 523 dimicaverunt.

97 540 224 619 Pompeii
235 542 313 601 acies
331 542 427 602 habuit
437 563 474 604 xn
485 544 561 604 milia
572 545 708 623 peditum,
731 548 843 624 equites
857 548 886 605 in
897 547 1011 606 sinistro
1104 592 1106 597 .

98 640 186 684 cornu
202 634 369 701 sexcentos,
391 627 419 685 in
431 626 530 686 dextro
549 631 736 707 quingentos,
755 638 903 708 praeterea
923 631 1011 689 totius

98 708 221 768 Orientis
232 708 349 785 ‘auxilia
371 718 459 769 totam
469 711 659 789 nobilitatem,
678 715 839 772 innumeros
850 722 1009 788 senatores,

97 796 273 870 praetorios,
297 793 461 853 consulares
486 803 515 853 et
538 797 586 874 qui
610 815 774 874 magnorum
796 799 850 855 iam
870 796 1010 856 bellorum
1098 791 1108 807 '

95 877 221 934 victores
233 876 363 936 luissent.
396 875 506 942 Caesar,
521 880 550 938 in
560 881 623 938 acie
634 898 685 940 sua
700 880 796 941 habuit
813 879 939 957 peditum
952 896 1010 939 non
1052 880 1054 884 ’
1079 871 1090 891 “

95 961 205 1036 integra
215 979 271 1019 nux
281 959 368 1035 milia,
382 960 492 1040 equites
504 962 581 1021 mile.

159 1044 244 1103 Gau.
259 1041 337 1102 XXl.
352 1042 499 1123 Nunquam
511 1044 601 1105 adbuc
613 1045 758 1106 Romanae
770 1047 871 1123 copiae
886 1047 1010 1105 inunum

94 1145 191 1204 neque
211 1129 348 1202 maiores,
372 1146 466 1206 neque
482 1129 647 1189 melioribus
666 1129 784 1188 ducibus
807 1138 1029 1209 convenerant,⁴
1084 1176 1086 1181 .

93 1219 184 1270 totum
194 1219 330 1270 terrarum
343 1211 440 1271 orbem
456 1212 541 1272 lacile
557 1213 742 1289 subacturus,
760 1215 785 1272 si
798 1222 896 1273 contra
909 1212 1009 1273 barba·

92 1311 143 1354 ros
155 1294 333 1354 ducerentur.
356 1294 511 1373 Pugnatum
522 1305 615 1356 tamen
630 1305 674 1355 est
691 1297 797 1373 ingenti
815 1299 1007 1372 contentione,

92 1378 244 1455 vietusque
264 1378 300 1438 ad
316 1388 490 1457 postremum
509 1376 660 1456 Pompeius
678 1387 706 1438 et
718 1388 809 1438 castra
821 1381 882 1438 eius
900 1378 1009 1455 direpta

93 1470 168 1520 sunt.
194 1459 263 1537 lpse
275 1461 388 1538 fugatus
399 1461 597 1521 Alexandriam
609 1463 700 1540 petiit,
720 1470 751 1520 ut
762 1480 777 1520 a
788 1480 858 1539 rege
869 1460 1007 1538 Aegypti,

94 1545 141 1603 cui
152 1553 229 1603 tutor
242 1562 258 1603 a
270 1552 368 1603 senatu
384 1543 464 1603 datus
476 1545 567 1604 iuerat
584 1553 701 1623 propter
715 1545 866 1604 iuuenilem
884 1547 944 1604 eius
960 1563 1007 1604 ae·

91 1635 189 1702 tatem,
203 1630 348 1705 acciperet
360 1628 472 1688 auxilia.
497 1627 552 1701 Qui
565 1628 703 1688 fortunam
714 1631 804 1705 magis
816 1646 898 1706 quam
910 1629 1005 1687 amici·
1013 1659 1068 1699 pu,

91 1713 159 1772 tiam
169 1721 284 1771 secutus
297 1712 402 1771 occidit
411 1711 587 1790 Pompeium,
600 1721 684 1790 caput
696 1714 757 1771 eius
770 1721 798 1771 et
809 1711 923 1771 anulum·
933 1710 1004 1771 Cae·
1023 1725 1068 1768 roc

92 1797 149 1855 sari
160 1797 244 1854 misit.
284 1794 349 1867 Quo
366 1804 523 1872 conspecto
538 1793 644 1855 Caesar
655 1797 738 1854 etiam
754 1794 883 1854 lacrimas
896 1795 1006 1854 fudisse

92 1879 205 1954 dicitur,
218 1879 285 1937 tanti
300 1879 353 1936 uiri
370 1880 481 1936 intuens
496 1887 580 1955 caput
594 1887 622 1938 et
632 1880 732 1955 generi
745 1877 884 1954 quondam
897 1881 948 1939 sui.

159 1963 248 2024 Gar.
266 1959 493 2040 xx11.(xvu.)
526 1960 595 2021 hlox
610 1958 716 2020 Caesar
736 1959 932 2020 Alexandriam
957 1979 1007 2018 va·

91 2049 141 2107 nit.
180 2043 239 2123 lpsi
260 2062 375 2125 quoque
386 2043 565 2104 Ptolemaeus
579 2062 678 2122 parare
694 2043 784 2104 voluit
800 2043 932 2119 insidias,
952 2060 1008 2123 qua

92 2147 192 2190 caussa
203 2131 265 2207 regi
277 2128 382 2188 bellum
393 2128 498 2188 illatum
508 2138 562 2188 est.
586 2115 684 2188 Victus
696 2130 724 2188 in
736 2127 801 2188 Nilo
814 2129 897 2205 periit
910 2131 1007 2186 inven-

91 2222 206 2293 tumque
223 2222 267 2272 est
279 2230 384 2291 corpus
395 2215 456 2272 eius
469 2231 531 2271 cum
543 2213 631 2272 lorica
642 2230 737 2272 aurea.
765 2207 872 2271 Caesar
882 2210 1006 2271 Alexan·

91 2297 151 2358 dria
170 2300 277 2376 potitus
299 2315 417 2374 regnum
435 2294 604 2373 Cleopatrae
617 2295 710 2371 dedit,
729 2292 886 2353 Ptolemaei
901 2296 1005 2369 sorori,

92 2399 155 2441 cum
176 2399 230 2458 qua
250 2378 483 2439 consuetudinem
505 2381 594 2456 stupri
614 2378 759 2436 habuerat.
792 2375 919 2434 Rediens
940 2375 1006 2434 inde

92 2463 199 2523 Caesar
209 2461 390 2536 Pharnacem,
407 2461 574 2520 Mithridatis
585 2459 679 2539 Magni
697 2459 793 2535 lilium,
811 2461 859 2537 qui
871 2458 1006 2538 Pompeio

91 2550 120 2607 in
131 2545 263 2606 auxilium
275 2545 351 2624 apud
361 2543 536 2605 Thessaliam
549 2545 654 2620 inemt,
672 2542 857 2603 rebellantem
875 2545 903 2602 in
915 2542 1005 2603 Ponto

90 2639 176 2709 atque
187 2629 288 2689 multas
300 2628 399 2706 populi
414 2628 532 2689 Romani
545 2629 705 2706 provincias
719 2637 915 2705 occupantem,
938 2629 1008 2686 vicit
1018 2635 1074 2677 bv·

91 2717 163 2789 acie,
176 2723 278 2791 postea
289 2712 324 2773 ad
339 2722 457 2772 mortem
470 2714 577 2789 coegit.

154 2798 237 2858 Car.
260 2795 366 2857 XXllI.
379 2794 515 2875 (XVlll.)
540 2794 608 2855 Inde
620 2793 738 2855 llomam
754 2811 905 2871 regressus
920 2794 1005 2853 tertio
1018 2824 1072 2866 My,

91 2898 124 2941 se
136 2879 282 2939 consulem
293 2880 361 2938 iecit
376 2897 439 2938 eum
449 2878 489 2939 bl.
500 2878 622 2939 Aemilio
632 2876 752 2956 Lepido,
771 2878 820 2956 qui
833 2880 859 2935 ei
869 2878 1006 2954 magister
1016 2892 1062 2934 roa

91 2965 216 3041 equitum
228 2961 358 3021 dictatori
370 2972 434 3022 ante
446 2981 547 3023 annum
558 2963 659 3022 iuerat.
682 2960 751 3020 lnde
763 2963 791 3021 in
801 2959 926 3021 Africam
939 2977 1003 3038 pro·

89 3047 184 3108 fectus
199 3055 259 3120 est,
283 3045 330 3104 ubi
347 3045 451 3105 inlinita
466 3046 598 3106 nobilitas
622 3064 685 3104 cum
704 3043 789 3120 luha,
813 3043 1003 3104 Mauretaniae

88 3148 170 3208 rege,
188 3127 293 3189 bellum
307 3139 496 3206 reparaverat.
527 3129 625 3189 Duces
642 3138 735 3188 autem
745 3128 863 3190 Romani
882 3137 960 3186 erant
971 3125 1003 3185 P.
1074 3154 1076 3158 >

89 3212 240 3276 Cornelius
253 3212 371 3290 Scipio,
397 3231 551 3290 exgenere
564 3214 760 3291 antiquissimo
773 3212 917 3289 Scipionis
927 3209 1003 3269 Airi-

89 3300 151 3358 cani
163 3297 225 3374 (bic
237 3298 320 3357 etiam
332 3313 418 3357 socer
428 3295 556 3374 Pompeii
572 3295 666 3374 Magni
678 3296 795 3376 iuerat),
811 3294 849 3354 bl.
862 3292 1001 3368 Petreius,

89 3379 127 3453 Q.
138 3381 239 3457 Varus,
255 3379 294 3440 bl.
305 3380 423 3441 Porcius
435 3378 524 3457 Cato,
547 3379 579 3440 t.
594 3378 744 3440 Cornelius
755 3379 889 3454 Faustus,
906 3375 1004 3437 Sullae

1020 2703 1137 2746 tou*
