2318 3818
181 209 223 273 lo
436 235 454 298 ,a
528 211 751 269 uuunorrr

182 395 219 437 ex
235 374 447 455 quadringentis
461 375 609 451 sexaginta
620 381 741 451 quatuor
750 373 868 433 navibus
880 375 1026 453 octoginta
1037 393 1087 435 ser

181 461 241 520 vari
252 461 301 518 vix
312 459 464 536 potuerint,
477 474 572 535 neque
583 456 642 516 ullo
657 465 872 535 temporetama
879 459 1016 517 maritima
1026 466 1099 518 tem-

182 552 281 622 pestus
292 540 386 601 audita
399 547 453 601 est.
472 540 592 601 Romani
602 548 696 601 tamen
707 542 800 601 statim
807 539 942 601 ducentas
954 558 1041 601 naves
1052 560 1099 601 re·

186 633 364 704 paraverunt,
376 640 470 702 neque
484 625 513 683 in
524 623 620 700 aliquo
632 625 741 684 animus
754 624 799 683 lais
814 623 950 683 Inductus
962 624 1024 683 iuit.

112 722 169 766 ιι.
246 709 333 768 Gar.
344 704 450 769 XXIII.
464 704 575 787 (XIII.)
593 704 645 766 Gn.
661 705 916 784 Serviliusilaepio
930 717 960 767 ot
971 706 1004 767 G.
1018 707 1099 767 Sem-

123 787 169 832 ⁴⁸⁹·
182 793 299 870 pronius
309 784 434 850 Blaesus'
445 807 523 849 coss.
542 807 606 848 cum
620 790 749 850 ducentis
765 792 913 868 sexaginta
930 791 1048 851 navibus
1063 791 1101 851 ad

90 926 101 953 ,Ι
129 928 132 933 ,
182 875 308 935 Africam
323 872 447 952 proiecti
459 882 533 933 sunt.
555 871 674 952 Aliquot
689 875 819 934 civitates
835 884 982 952 ceperunt.
1014 873 1099 935 Prae·

75 944 116 1042 „22⁵
182 959 244 1019 dam
260 960 405 1035 ingentem
419 955 591 1017 reducentes
607 957 784 1036 naufragium
801 959 879 1035 passi
894 966 968 1017 sunt
997 955 1099 1036 Itaque

62 1046 66 1053 '
182 1061 246 1101 cum
256 1043 408 1100 coutmuae
423 1037 596 1101 calamitates
607 1039 742 1102 Romanus
757 1040 954 1119 displicerent,
970 1041 1100 1120 decrevit

77 1133 113 1208 7
183 1133 308 1200 senatus,
326 1133 384 1184 uta
399 1125 544 1184 maritimis
560 1124 678 1203 proeliis
695 1124 879 1185 recederetur
896 1134 925 1184 et
935 1133 1040 1185 tantum
1051 1125 1098 1184 s'e·

95 1239 108 1265 ι
182 1210 295 1286 xaginta
307 1225 394 1267 naues
408 1208 443 1267 ad
459 1208 630 1285 praesidium
641 1205 738 1267 ltaliae
750 1207 846 1268 salvae
858 1217 964 1267 essent.

112 1293 168 1337 MJ-
250 1291 336 1351 (lar.
348 1290 452 1355 XXIV
472 1288 815 1366 L.caeciuouierello‚0.
821 1284 1098 1353 PurroP'acilocoss.

119 1361 334 1438 'Metellus
325 1393 354 1434 m
367 1375 465 1436 Sicilia
474 1373 607 1436 Afrorum
622 1372 723 1434 ducem
734 1391 798 1434 cum
812 1391 886 1453 cxxx
897 1373 1056 1451 elephantis
1069 1383 1100 1434 et

179 1460 289 1536 maguis
294 1461 393 1545 copiis
404 1461 564 1519 venientem
581 1460 740 1537 superarit,
765 1475 805 1519 xx
815 1445 896 1518 milla
912 1457 1036 1517 hostium
1048 1475 1098 1519 ce·

100 1605 101 1609 ,
180 1542 259 1619 cidit,
276 1561 344 1604 xxvr
358 1541 527 1619 elephantos
540 1544 632 1620 cepit,
655 1542 784 1619 reliquos
798 1550 924 1601 errantes
936 1558 990 1619 per
999 1539 1098 1601 Numi·

142 1680 144 1682 ,
180 1625 246 1702 das,
269 1642 342 1703 quos
359 1627 387 1684 in
400 1622 533 1707 auxilium
548 1623 680 1698 habebat,
699 1623 819 1699 collegit
833 1634 862 1682 et
872 1623 991 1683 Romam
1008 1623 1098 1685 de-du

179 1712 221 1769 xrt
229 1710 336 1786 ungenta
347 1722 462 1785 pompa,
476 1722 540 1765 cum
552 1723 625 1766 cxxx
636 1705 849 1783 elephantorum
859 1724 993 1766 numerus
1003 1710 1100 1770 omnia

180 1794 280 1853 itinera
292 1789 460 1866 compleret

244 1875 330 1940 Gar.
343 1871 433 1944 XXV
451 1870 558 1953 (XIV.)
583 1871 651 1933 Post
669 1873 741 1933 haec
759 1872 832 1933 mala
848 1871 1098 1951 Carthaginienses

178 1957 319 2036 Regulum
325 1957 436 2032 ducem,
449 1974 534 2035 quem
544 1965 695 2035 ceperant,
700 1958 853 2034 petierunt,
864 1956 1019 2018 utllomam
1030 1974 1097 2035 pro-

179 2041 371 2114 deluderetur,
396 2049 426 2098 ct
440 2056 567 2118 pacema
582 2040 716 2100 Romanis
734 2040 890 2117 obtineret,
909 2058 944 2101 ac
955 2051 1096 2141 permuta·

178 2125 284 2183 tionem
296 2124 472 2200 captiuorum
482 2122 602 2183 faceret.
626 2121 687 2182 Ille
698 2122 817 2183 Romam
829 2142 892 2185 curn
902 2126 1063 2200 venisset,
1054 2145 1096 2185 rn-

178 2204 306 2265 ductus
297 2224 326 2265 ιι
343 2215 472 2266 senatum
488 2205 558 2266 nihil
574 2225 655 2286 quasa
648 2206 812 2268 Romanus
826 2209 903 2285 egit,
923 2207 1050 2287 dixitque
1062 2229 1097 2270 se

178 2308 218 2350 ecc
230 2290 286 2350 illo
309 2289 376 2366 die,
400 2305 463 2368 quc
476 2293 509 2350 io
520 2298 700 2370 potestatem
695 2272 858 2369 Afrorum
873 2293 1017 2367 venisset,
1032 2291 1095 2353 Ro-

177 2392 301 2435 manum
317 2392 384 2436 eoae
398 2374 537 2436 desiisse
557 2372 658 2454 ltaque
674 2383 703 2435 et
715 2388 860 2438 uxorema
878 2374 1030 2452 complexu
1047 2393 1095 2435 re·

176 2458 275 2533 movit,
288 2465 317 2516 et
332 2459 442 2517 senatui
454 2458 557 2533 suasit,
583 2476 620 2518 ne
635 2476 691 2536 pax
706 2476 769 2520 cum
782 2456 887 2519 Poenis
902 2459 998 2528 lieret;
1025 2460 1095 2522 illoc

177 2540 257 2601 enim
266 2540 386 2617 fractos
400 2547 441 2600 tot
452 2541 577 2600 casibus
589 2559 674 2618 mem
685 2544 801 2605 nullom
814 2543 951 2614 dudere;
972 2562 1005 2604 ce
1017 2545 1096 2604 tanti

176 2640 237 2684 noo
250 2640 336 2698 ease,
354 2630 389 2684 ot
402 2629 445 2691 tot,
457 2624 544 2684 nolio
558 2625 748 2702 captivorum
755 2634 986 2704 propterquam
997 2645 1031 2687 se
1054 2630 1096 2706 [et

175 2706 289 2782 acam]
307 2713 473 2784 etpoucca,
490 2707 544 2783 qui
560 2725 600 2767 ex
616 2706 764 2768 Romame
776 2712 860 2788 copti
868 2710 1004 2788 fuerunt,
1018 2712 1094 2771 red-

176 2790 331 2852 derentur.
351 2787 592 2867 Itaqueohtinuit
611 2789 1094 2872 NamAlrospaccmpetentesnul·

175 2872 221 2933 lus
232 2872 354 2933 admrsrt
377 2871 653 2951 lpsellartlragrnem
665 2875 761 2953 redut
779 2877 1023 2957 offerentibusque
1033 2877 1093 2938 Ro

174 2957 276 3032 munis,
289 2965 320 3015 ut
331 2974 396 3016 eum
402 2956 512 3016 Romae
523 2965 664 3035 tenerent,
681 2961 796 3038 negavit
806 2980 840 3022 se
854 2963 882 3021 in
894 2980 928 3022 ea
939 2962 1093 3022 urbeman·

176 3057 283 3115 surum,
296 3040 325 3098 iu
336 3056 402 3117 qua,
415 3050 568 3120 postquam
575 3040 654 3106 Alris
666 3046 803 3106 servierat
804 3045 991 3123 ,dignitatem
1002 3046 1092 3105 hone·

176 3124 213 3182 sti
225 3123 297 3182 civis
307 3122 414 3183 habere
425 3140 482 3183 non
494 3134 605 3202 posset.
639 3124 803 3205 Regressus
819 3131 906 3207 igitur
917 3129 952 3190 ad
965 3128 1093 3190 Africam

176 3208 306 3267 omnibus
317 3205 468 3284 suppliciIs
485 3209 640 3274 exsdnctus
655 3218 708 3270 est.

115 3301 175 3347 amu
239 3290 328 3352 Gar.
339 3289 443 3350 XXVI.
456 3291 549 3373 (XV.)
572 3291 603 3352 P
612 3291 869 3373 GlaudroPulchro,
886 3296 917 3357 l.
924 3295 1091 3360 luniocoss.

120 3367 166 3412 Μ
177 3370 313 3435 Claudius
328 3383 425 3436 contra
440 3377 567 3454 auspicia
584 3381 719 3455 pugnavit
734 3389 763 3440 et
779 3397 796 3439 ι
810 3377 1092 3458 Carthaginiensibus
