2318 3818
147 193 189 257 aa
494 196 710 254 aoraorrr
741 165 745 200 ¹

149 360 330 440 quaestorem
346 379 426 420 suurn
439 358 600 420 Cornelium
612 359 728 438 Sullam,
740 363 883 440 ingentem
894 364 994 437 virum,
1008 370 1066 423 tra·

149 446 234 505 dente
245 445 362 504 Boccho
377 444 561 521 Iugurtham,
575 446 623 522 qui
637 462 688 522 pro
705 462 741 504 eo
753 454 817 505 ante
831 455 1016 523 pugnaverat
1038 445 1067 505 Α

85 536 141 577 Αΰ
149 527 188 588 Μ.
202 528 281 588 lunio
293 528 388 588 Silano
397 526 585 605 woollegaQ
598 527 721 604 Metelli,
746 528 869 589 Cimbri
861 548 889 589 rn
902 528 991 589 Gallia
1004 538 1068 589 eta

85 605 131 647 645·
116 611 274 715 UIIinuoio
286 613 379 673 Rufo'
344 631 400 672 orn
410 611 577 671 lllacedonIa
589 611 734 671 Scordisci
750 621 779 671 et
790 611 915 688 Triballi,
930 622 958 672 et
969 631 985 672 a
998 612 1067 673 Ser-

87 741 133 783 ,46
86 674 219 754 A'⁰'vilio
235 694 416 774 Caepione
408 716 436 755 rn
452 695 586 793 Hispania
610 685 733 755 Lusitani
753 698 821 755 victi
843 705 916 756 sunt.
950 695 987 755 llt
1007 697 1068 756 duo

82 811 138 852 A„
150 780 281 858 triumphi
297 781 332 840 de
344 779 488 859 Iugurtha,
508 781 614 857 primus
626 797 678 857 per
688 778 844 856 Metellum,
857 779 999 839 secundus
1013 798 1069 859 per

86 878 132 922 aar.
150 861 266 922 Marium
279 867 341 924 acti
350 873 422 924 sunt
451 863 525 922 Ante
537 881 647 923 currum
657 871 750 924 tamen
761 862 842 923 Marii
853 863 986 942 Iugurtha
1001 882 1069 924 curn

151 946 260 1007 duobus
275 949 339 1008 liliis
352 949 452 1008 duetus
464 955 508 1006 est
519 955 663 1007 catenatus
678 957 706 1007 et
717 962 783 1008 mox
797 950 876 1007 iussu
893 947 1046 1008 consulis
1037 967 1069 1008 rn

150 1049 266 1090 carcere
278 1033 476 1110 strangulatus.

484 1207 728 1216 -—-—.—a

377 1355 836 1432 hlllhlllllllllllls.

549 1484 660 1495 -n—--

470 1560 742 1608 hltillllllllll’llll.

212 1667 234 1716 l
252 1664 277 1716 2
313 1665 410 1714 Bellum
428 1666 579 1716 Cimbricum
596 1669 672 1717 sociis
689 1666 871 1715 Germanorum
894 1673 919 1713 et
938 1665 1073 1717 Gallorum

149 1736 265 1816 gentibus
283 1743 341 1798 post
358 1749 478 1800 magnam
496 1736 594 1785 cladem
606 1749 786 1800 compressum.
815 1731 841 1784 3.
859 1732 957 1782 Bellum
971 1738 1073 1786 sociale

148 1805 174 1852 in
196 1805 268 1853 Italia
286 1818 384 1853 summo
403 1819 487 1853 rorum
511 1806 654 1856 discrimine
672 1812 782 1870 gestum.
825 1799 850 1851 4.
870 1802 967 1851 Bellum
992 1806 1074 1855 civile

147 1874 266 1938 primum,
285 1888 332 1923 seu
349 1873 498 1923 Marianum.
535 1871 612 1924 5—9.
630 1874 727 1923 Bellum
745 1871 950 1932 Mithridaticum,
968 1875 1010 1921 cui
1030 1875 1072 1924 in-

148 1945 256 2007 terponit
257 1959 286 1991 ur
304 1941 445 2003 Thracium,
465 1952 489 1993 et
479 1942 613 1993 tMariani
632 1942 785 1993 continuatio
805 1949 830 1990 et
846 1941 912 1990 finis

169 2016 172 2024 ’
211 2029 296 2089 Car.
319 2026 341 2085 l.
377 2026 451 2086 Dum
470 2028 576 2087 bellum
593 2030 621 2087 in
637 2026 767 2086 Numidia
786 2035 883 2085 contra
903 2022 1072 2102 Iugurtham

149 2114 266 2188 geritur,
280 2109 399 2168 Romani
413 2110 547 2189 consules
558 2110 596 2169 II.
611 2109 732 2170 Manlius
749 2106 781 2168 et
791 2108 826 2182 Q.
840 2107 948 2186 Caepio
961 2126 978 2167 a
991 2106 1070 2168 Cim-

148 2195 207 2254 bris
220 2204 248 2253 et
260 2192 435 2253 Teutonibus
447 2203 476 2253 ct
492 2194 632 2272 Tigurinis
646 2203 674 2252 et
685 2192 886 2268 Ambronibus,
900 2210 973 2271 quae
988 2203 1070 2253 erant

149 2276 349 2337 Germanorum
366 2285 394 2337 et
411 2276 553 2338 Gallorum
565 2287 684 2356 gentes,
708 2279 776 2337 vioti
794 2286 857 2336 sunt
874 2279 951 2336 iuxta
961 2275 1070 2336 tlumen

57 2411 67 2428 .
147 2362 330 2438 Rhodanum,
358 2370 386 2421 et
402 2364 509 2440 ingenti
525 2364 720 2422 internecione
739 2361 847 2439 [attriti]
868 2363 951 2420 etiam
973 2368 1070 2420 eastra

149 2465 199 2506 sua
212 2454 240 2505 et
250 2463 379 2523 magnam
391 2456 499 2523 partem
511 2448 653 2506 exercitus
674 2445 866 2524 perdiderunt.
900 2442 996 2502 Timor
1006 2443 1068 2503 Ro-

147 2547 209 2588 mae
221 2529 336 2604 grandia
347 2529 413 2604 luit,
437 2539 556 2606 quantus
572 2531 620 2589 va
633 2528 807 2603 Hannibalis,
827 2536 956 2606 tempore
967 2526 1070 2587 Punici

147 2612 227 2688 belli,
246 2629 282 2670 ne
296 2613 396 2671 iterum
409 2610 481 2671 Calli
493 2612 611 2671 Romam
621 2613 760 2672 venirent.
789 2611 868 2689 Ergo
879 2611 986 2672 Marius
998 2621 1069 2688 post

147 2697 295 2755 victoriam
309 2696 498 2772 Iugurthinam
511 2693 638 2762 seeundo
658 2694 758 2755 consul
771 2704 814 2754 est
825 2695 930 2773 iactus,
944 2694 1068 2756 bellum-

148 2797 204 2858 que
221 2782 248 2838 ei
261 2787 359 2839 contra
371 2778 500 2839 Cimbros
515 2790 544 2838 et
556 2778 699 2840 Teutonas
718 2778 862 2838 decretum
880 2789 933 2839 est.
967 2778 1068 2840 Tertio

148 2880 264 2941 quoque
282 2865 309 2922 oi
329 2871 358 2922 et
374 2872 473 2942 quarto
495 2863 603 2923 delatus
622 2872 666 2923 est
683 2863 863 2940 consulatus,
882 2866 948 2942 quia
959 2863 1068 2925 bellum

148 2945 319 3006 Cimbricum
332 2947 556 3025 protrahebatur.
587 2947 646 3007 Sed
658 2949 685 3006 in
698 2956 797 3025 quarto
811 2948 958 3007 consulatu
975 2946 1068 3018 colle-

147 3048 211 3108 gam
233 3029 328 3089 habuit
351 3029 386 3102 Q.
405 3029 543 3095 Lutatium
567 3030 703 3091 Catulum.
741 3030 810 3090 Cum
827 3030 946 3091 Cimbris
969 3033 1070 3108 itaque

148 3113 283 3187 conflixit,
297 3122 327 3172 et
338 3112 449 3173 duobus
461 3114 579 3192 proeliis
593 3136 628 3176 oc
639 3114 714 3174 mllia
725 3115 848 3174 hostium
861 3115 976 3189 cecidit,
990 3133 1070 3176 nm

146 3198 223 3257 milia
243 3198 320 3275 oepit
333 3206 363 3255 et
378 3196 479 3256 ducem
501 3215 599 3258 eorum
617 3197 830 3274 Teutobodum,
848 3208 968 3278 propter
987 3199 1070 3277 quod
1110 3240 1113 3244 ι

146 3282 276 3341 meritum
290 3279 393 3341 absens
407 3283 504 3358 quinto
518 3282 618 3341 consul
630 3282 785 3342 estractus.

211 3365 297 3426 Car.
319 3362 355 3423 ΙΙ.
375 3362 486 3425 Interea
501 3363 605 3427 Cimbri
622 3375 650 3425 et
662 3366 820 3448 Teutones,
842 3385 963 3445 quorum
980 3369 1070 3447 copia
