2318 3818
413 239 615 296 Iresiam.
930 230 971 295 67

63 403 105 460 vir
127 401 245 478 egregie
269 392 393 461 moratus
416 410 445 463 et
469 403 511 461 rei
527 403 658 480 publicae
675 399 817 481 gerendae
840 399 969 460 idoneus.
993 412 1020 452 Ρ.

62 483 139 544 Nihil
153 493 242 545 tamen
255 484 359 545 clarum
370 488 461 563 potuit
473 486 625 547 ostendere
640 489 709 547 intra
721 495 830 547 sextum
845 492 969 543 mensem
981 479 1036 591 gg

62 570 172 646 imperii
186 577 276 628 morte
291 579 469 646 praeventus.
505 569 663 648 Florianus,
682 573 730 650 qui
743 570 968 630 I'acitosucoes·
1023 582 1028 592 ·
1098 630 1106 641 „

62 660 147 728 serat,
161 652 270 712 duobus
282 654 425 713 mensibus
436 663 464 712 et
475 653 574 715 diebus
590 676 627 715 xx
640 657 669 714 In
679 656 798 732 imperio
812 652 864 712 iuit
877 669 969 730 neque

56 739 211 815 quicquam
223 735 335 814 dignum
346 740 480 813 memoria
491 742 558 817 egit.

128 820 212 887 Can.
224 819 313 882 XVII.
322 820 403 902 (XI.)
428 819 496 881 Post
508 823 580 884 huno
590 820 709 898 Probus,
722 823 765 881 vir
776 821 892 881 illustris
907 818 969 897 glo·
993 825 1019 866 Ρ·

60 905 101 962 ria
126 902 252 980 militari,
275 904 310 964 ad
336 905 598 967 administrationem
619 909 661 965 rei
684 904 814 984 publicae
836 905 967 965 accessit.
980 892 1035 1003 οξ·
1085 910 1087 914 ’

62 985 165 1046 Gallias
182 1007 198 1047 a
213 988 338 1049 barbaris
353 999 506 1068 occupatas
522 993 631 1069 Ingenti
646 988 817 1068 proeliorum
833 987 969 1048 felicitate
983 964 1028 1006 Ἡ·

60 1073 190 1132 restituit.
224 1071 368 1145 Quosdam
387 1076 534 1152 imperium
550 1092 686 1153 usurpare
705 1083 836 1155 conatos,
859 1071 970 1131 scilicet

61 1154 235 1215 SatumInum
246 1157 275 1215 in
285 1155 411 1234 Oriente,
429 1157 577 1219 Proculum
595 1168 623 1218 et
632 1157 968 1235 Bonosumagripptnae‚

59 1238 153 1297 multis
170 1241 366 1301 certaminibus
387 1247 542 1323 oppressit.
575 1243 679 1302 VIneas
698 1240 794 1302 Gallos
817 1250 845 1301 et
861 1238 969 1299 Panno«
1047 1255 1050 1261 ·

59 1324 123 1381 nios
134 1323 238 1382 habere
249 1328 386 1402 permisit.
417 1326 511 1404 Opere
523 1327 634 1386 mssitari
644 1326 751 1385 Almam
763 1335 885 1385 montem
895 1322 968 1401 apud

60 1406 190 1465 SIrmium
203 1417 231 1466 et
240 1407 365 1468 Aureum
376 1410 451 1487 apud
461 1409 598 1469 Moesiam
610 1412 785 1487 superiorem
797 1410 887 1467 vineis
900 1420 966 1466 con-⁸

60 1492 148 1548 seruit
164 1499 192 1550 et
203 1492 568 1568 provincIalibuscoiondas
581 1493 667 1554 dedit.
693 1492 746 1552 Idic
762 1511 824 1551 cum
838 1491 914 1551 belia
926 1493 966 1550 in·

58 1592 173 1633 numera
185 1577 337 1652 gessisset·
356 1594 427 1654 pace
444 1587 538 1656 parata
555 1577 623 1637 dixit
637 1579 723 1638 dreoi
737 1579 845 1639 milites
859 1594 966 1636 neces-

57 1659 160 1719 sarios
175 1678 234 1718 oon
248 1659 376 1738 futuros.
407 1660 458 1721 Vir
472 1680 555 1738 acer,
578 1671 725 1738 strenuus,
742 1663 846 1736 iustus,
871 1668 899 1719 et
918 1660 967 1736 qui
1055 1663 1056 1668 ’

57 1740 237 1801 Aurelianum
255 1754 390 1820 aequaret
404 1744 494 1822 gloria
510 1746 635 1821 militari,
656 1753 865 1805 morumautem
877 1741 966 1802 civili·

58 1833 115 1883 tate
127 1835 282 1902 superaret.
306 1825 475 1887 Interiectus
488 1838 535 1909 ,est
551 1839 644 1888 tamen
655 1830 747 1888 Sirmii
759 1827 875 1887 tumultu
893 1826 964 1885 mili-
988 1844 1014 1884 o.

57 1910 108 1967 tari
123 1906 233 1967 toturn·
249 1908 358 1969 ferrata.
385 1908 635 1988 Imperavitannos
647 1934 686 1987 vr,
704 1916 817 1972 mens'es
836 1919 963 1989 quatuor.
977 1911 1031 1956 ΟΝ·

121 1992 207 2052 Can.
224 1991 328 2052 XVIII.
341 1993 436 2073 (XII.)
462 1994 530 2056 I'ost
550 1997 623 2056 hune
636 1994 725 2056 Carus
743 2004 787 2055 est
806 1995 896 2054 iactus
908 1992 964 2051 Au·
975 1982 1022 2024 ²⁸²·

56 2086 167 2154 gustus,
190 2076 323 2137 Narbone
343 2089 424 2139 natus
440 2082 468 2139 in
486 2079 585 2159 Gallia,
610 2082 658 2162 qui
674 2080 824 2141 confestIm
836 2076 965 2137 Carinum

58 2169 86 2219 et
97 2159 293 2220 Numerianum
304 2163 377 2223 iiiios
389 2161 526 2224 Caesares
539 2165 625 2242 iecit,
653 2183 715 2224 oum
726 2164 827 2242 quibus
838 2163 965 2239 regnavit

57 2243 166 2304 duobus
181 2248 268 2306 annis.
300 2247 357 2307 Sed
369 2248 433 2307 dum
448 2248 552 2308 bellum
565 2250 713 2309 adversum
725 2249 862 2308 Sarmatas
880 2247 962 2322 gerit,

55 2331 179 2388 nuntiato
194 2328 340 2389 Persarum
351 2331 468 2391 tumultu
479 2331 514 2391 ad
526 2331 669 2391 Orientem
681 2331 826 2409 profectus
837 2347 885 2387 res
898 2345 963 2386 con·
986 2353 1012 2394 p,

56 2422 98 2471 tra
110 2409 212 2471 Persas
223 2412 334 2474 nobiles
345 2417 445 2491 gessit.
467 2413 551 2493 Ipsos
562 2414 673 2493 proelio
685 2414 764 2473 fudit.
799 2411 915 2472 Cochen
931 2421 959 2470 et
975 2421 1029 2464 απ.

56 2493 280 2573 Ctesiphontem,
303 2497 388 2558 urbes
399 2499 603 2576 nobilissimas,
625 2500 711 2576 cepit.
745 2496 855 2557 Etcum
870 2491 1016 2555 castrum

55 2596 141 2657 supra
152 2578 295 2658 Tigridem
306 2581 433 2660 haberet,
445 2585 502 2643 ictu
515 2582 600 2643 divini
612 2583 734 2642 fulminis
746 2583 838 2660 periit.
860 2578 962 2639 Nume-

53 2666 147 2724 rianus
163 2680 289 2744 quoque,
303 2664 376 2726 illius
391 2669 464 2744 eius,
482 2687 566 2747 quem
575 2685 673 2727 secum
686 2664 837 2726 Caesarem
851 2664 886 2724 ad
896 2661 962 2723 Per·

54 2767 101 2808 sas
113 2748 434 2827 duxemt,sdotesoens
451 2754 586 2831 egregiae
602 2750 719 2827 indolis,
742 2748 805 2809 cnm
817 2742 962 2807 oouiorum
1029 2781 1031 2785 ν

55 2831 155 2891 dolore
167 2843 315 2912 correptus
332 2837 360 2895 in
373 2835 505 2896 lecticula
520 2835 686 2911 veheretur,
703 2831 960 2913 Impulsoredpro,
984 2863 1011 2905 p,

55 2917 102 2994 qui
115 2931 201 2976 socer
216 2919 276 2976 eius
288 2927 357 2995 erat,
377 2937 430 2997 per
441 2918 555 2979 insidias
567 2921 681 2978 occisus
694 2926 747 2977 est.
768 2916 879 2976 Etcum
894 2915 960 2975 dolo
972 2930 1028 2974 cst.

55 2998 243 3060 occultaretur
257 3002 347 3078 ipsius
358 3019 444 3079 mors,
461 3019 610 3084 quousque
620 3002 699 3081 Aper
713 2999 846 3062 Invadere
861 3009 961 3078 posset
977 3000 1023 3042 2⁸⁴·

53 3084 352 3161 imperium‚.ioetore
375 3086 517 3147 cadaveris
535 3086 644 3165 prodita
665 3095 718 3146 est.
748 3083 852 3145 Milites
877 3087 960 3159 enim,

56 3170 104 3247 qui
121 3169 396 3247 eumsequebantur,
412 3170 523 3232 foetore
534 3173 668 3232 commoti
681 3168 801 3229 diductis
812 3167 961 3228 lecticulae

56 3252 147 3330 palliis
165 3262 231 3331 post
248 3252 355 3331 aliquot
371 3252 432 3314 dies
454 3265 572 3317 mortem
594 3258 655 3316 eius
672 3264 766 3315 notam
785 3252 889 3312 habere
910 3268 961 3330 po-

54 3343 175 3398 tuerunt.
676 3353 679 3357 ’
728 3339 738 3357 “

118 3419 204 3481 Gan.
219 3420 295 3483 XIII.
319 3418 570 3502 lntereaCarinus,
594 3442 676 3503 quem
689 3408 959 3565 Caesafireqnad'Par
