2318 3818
154 127 183 168 Π

45 326 47 333 .
152 283 231 353 suut,
251 292 334 353 quae,
354 253 459 334 idoueo
476 273 600 334 adhibito
618 276 782 354 interprete,
804 275 915 337 laoilem
927 287 955 339 et
965 296 1058 357 prom·
1113 294 1115 301 '

151 387 207 438 tam
217 375 368 437 lectionem
383 373 501 434 reddere
520 377 638 453 possint.
671 374 704 436 ld
722 395 738 436 a
755 377 837 438 uobis
858 379 960 439 laetum
980 400 1056 460 esse,

152 479 266 540 dooebit
294 479 393 556 partim
424 477 557 536 orationis
584 479 674 556 ipsius
706 480 862 539 accuratior
887 480 1056 562 exploratio,

151 582 264 660 partim,
282 577 417 660 quioquid
428 587 554 639 notarum
568 577 604 637 ad
619 578 701 638 linem
716 578 779 640 libri
794 583 975 660 aspersimus.
998 583 1056 646 tta-

149 685 224 744 xime
240 691 332 743 autem
349 682 439 742 seeuti
450 677 551 740 'sumus
564 678 718 740 Tuebuoluii
737 681 889 743 editionem
907 686 1056 757 miuorem;

151 803 187 846 ex
199 784 311 864 reliquo
323 769 468 872 apparatu,
486 799 569 860 quem
580 796 636 841 uon
646 781 811 860 neglexisse
825 785 908 846 uobis
920 787 1055 866 ridemur,
1129 841 1133 852 .

105 882 112 910 ’·
150 893 289 964 excepto,
314 900 370 964 quo
389 901 479 962 nuper
493 901 529 942 ex
539 878 703 943 blouaoeusi
718 885 817 945 oodiee
833 888 922 963 petito
937 892 977 949 uti
987 908 1056 952 uou-

150 987 214 1048 dum
236 974 368 1065 contigit,
397 985 541 1062 duximus,
575 1003 761 1066 quaecuuque
782 987 893 1065 potiora
916 982 1056 1053 existima-

148 1098 252 1150 rentur.
660 1091 663 1096 ’

209 1189 286 1249 Vixit
300 1194 391 1248 autem
406 1170 440 1232 -’-
454 1204 516 1247 uam
534 1185 570 1246 de
587 1187 643 1256 boe
661 1189 744 1249 etiam
757 1192 987 1270 praedicandum,
1014 1203 1053 1273 ut,

149 1292 250 1372 quibus
272 1289 410 1350 destinata
434 1296 478 1349 est
504 1306 605 1369 opera,
628 1293 762 1371 babeant,
798 1300 871 1374 quae
892 1294 1054 1356 desiderare

148 1394 259 1474 possint
273 1400 316 1439 ’-“-
332 1391 486 1471 Eutropius
509 1392 607 1453 seculo
636 1402 701 1473 post
720 1393 859 1456 Christum
885 1405 983 1476 quarto
1005 1415 1053 1458 ex·

147 1504 247 1572 eunte,
278 1493 420 1573 ediditque
444 1494 626 1574 breviarium,
655 1496 731 1576 quod
753 1497 796 1556 sui
817 1498 953 1575 temporis
975 1513 1056 1559 more

148 1596 232 1673 dixit,
256 1594 308 1655 sub
320 1592 493 1673 luperatore
507 1595 636 1658 Valente.
675 1597 730 1670 Qui
747 1598 839 1674 ipsum
851 1614 953 1657 nomeu
964 1601 1053 1678 magis

147 1705 316 1776 sequuntur,
342 1712 425 1774 quam
436 1704 592 1775 tempomm
604 1714 752 1775 remmque
762 1696 901 1774 rationes,
925 1697 1009 1761 laoile
1025 1701 1054 1761 iu

147 1816 230 1860 uuum
246 1799 387 1859 homiuem
404 1808 625 1879 oougessemut,
649 1815 835 1878 quaeeunque
852 1796 888 1857 de
907 1797 1053 1879 Eutropiis

148 1899 246 1981 quarto
268 1881 424 1981 quintodue
443 1899 542 1961 seoulo
569 1909 712 1979 comperta
734 1906 812 1976 suut,
833 1898 907 1986 uude
927 1903 995 1962 mira
1018 1901 1053 1962 de

146 2005 213 2080 vita,
229 2003 370 2079 moribus,
393 2001 491 2079 laetis,
519 2003 651 2078 etauuis,
675 2017 747 2080 quos
762 1998 926 2078 explevisse
941 2001 1051 2079 dieitur,

49 2155 52 2161 .
147 2102 297 2164 discordia.
333 2102 371 2162 Ut
386 2102 531 2181 explorata
547 2100 631 2161 daeo
648 2091 796 2162 admodum
815 2117 905 2179 pausa
919 2102 974 2162 diei
987 2119 1052 2182 pos-

147 2214 219 2267 suut.
245 2201 377 2280 Constat,
403 2202 493 2263 luisse
514 2210 640 2262 uestrum
664 2203 832 2280 scriptorem
856 2200 1050 2281 Constantino,

147 2303 322 2388 quillaguus
337 2303 439 2383 fertur,
460 2304 495 2364 ab
512 2303 659 2382 epistolis,
682 2303 758 2383 quod
772 2321 903 2382 maguum
919 2314 984 2366 tuue
1000 2305 1052 2365 luit

147 2407 286 2484 offiaium,
321 2424 405 2487 quum
420 2406 473 2466 riri
493 2405 593 2466 emditi
618 2405 653 2466 ad
670 2403 760 2467 aulam
780 2404 906 2466 adhiberi
930 2405 1051 2467 noudum

146 2486 308 2587 desiissent,
323 2512 424 2587 postea
434 2506 532 2567 luliuui
547 2506 720 2587 expeditioni
738 2517 834 2569 ooutra
848 2507 949 2568 Persas
966 2509 1050 2568 iuter-

146 2610 254 2688 luisse‚
276 2604 312 2670 ut‘
331 2602 433 2688 ipsel.
444 2606 482 2668 X.
494 2625 520 2667 o.
534 2606 585 2671 lo.
602 2608 746 2687 perhibet,
772 2610 925 2688 scripsisse
946 2619 1049 2684 autem,

133 2700 230 2790 'quum
241 2711 369 2788 graviora
380 2712 472 2788 'opera
485 2708 594 2789 negligi
610 2710 801 2790 coepisseut‚‘
813 2713 1050 2790 quaeeunquead

145 2798 283 2875 (laesores
296 2813 394 2890 parum
407 2809 532 2871 eruditos
544 2809 579 2870 de
590 2829 696 2873 summa
706 2828 799 2872 rerum
809 2810 994 2873 Romanarum
1009 2814 1049 2873 iu·

145 2910 587 2975 tuueutostdoueavtdareutur.
610 2912 872 2976 christianumeum
883 2902 1056 2976 multiieoess

143 3014 217 3092 runt,
229 3016 303 3094 ipse,
324 3017 450 3095 quamvls
466 3022 578 3092 oautus,
599 3032 652 3076 uos
665 3018 756 3078 omnia
767 3002 823 3077 alia
837 3014 873 3076 de
891 3033 923 3075 sa
941 3018 1049 3094 opiuari

120 3154 122 3159 ·
146 3117 233 3178 iubet.
262 3110 535 3195 Edidisse·vidatur,
559 3125 690 3197 quantum
707 3135 743 3178 ex
758 3118 1007 3196 homiuis'iugeuio
1022 3126 1050 3178 et

145 3217 440 3281 aliorumtestimouiis'
448 3219 577 3297 augurari
590 3217 668 3296 lieet,
677 3218 767 3297 plura,
780 3221 1049 3298 quamexoommuui
1103 3270 1107 3279 ,

143 3308 286 3384 literarum
297 3320 442 3400 naufragio
454 3320 489 3383 ad
499 3310 552 3394 uos
564 3329 755 3382 serretesuut.
774 3319 960 3399 breviarium,
974 3319 1050 3401 quod
