2318 3818
448 249 669 306 LlBEllVll.
973 243 1016 308 47

166 414 254 474 Car.
269 413 303 473 V.
336 411 380 473 tto
397 421 527 490 tempore
544 412 583 472 bl.
601 412 729 490 Agrippa
750 410 939 490 inAqnitania
956 432 1083 479 temno.

101 514 242 575 prospere
256 498 358 576 gessit
388 495 474 556 litt
491 495 640 555 Ventidius
658 494 787 555 Bassus
778 507 967 575 irrumpentes
987 500 1016 558 in
1030 504 1077 548 ⁷¹⁵·

101 581 212 656 Syriam
223 578 648 659 Persastribusproeliisrioit.
680 579 828 659 Pacorum,
853 581 1037 682 regisOro·
1024 575 1082 616 Μ·

101 663 145 724 dis
160 664 257 741 illium,
271 663 415 724 interfecit
426 680 462 724 oo
474 665 540 742 ipso
551 663 609 740 die,
628 662 685 742 qud
698 663 764 723 olim
780 663 902 741 Orodes,
916 643 1063 725 Persa-⁷¹³

99 766 162 808 rum
179 765 248 824 rex,
274 765 329 825 per
348 747 449 807 ducem
463 748 599 808 Surenam
616 745 750 807 Crassum
767 746 921 809 occiderat
962 749 1016 808 llio

100 834 208 909 primns
220 830 256 890 de
271 829 404 892 Parthis
395 833 577 891 uastissimnm
592 833 761 910 triumphum
774 832 884 893 Romae
896 835 966 910 egit.

162 914 247 976 Csr
261 913 311 974 Vl.
338 913 454 975 Interim
474 914 626 994 Pompeius
649 933 750 993 paoem
771 918 848 994 rupit
871 925 900 975 ot
924 917 1080 982 navalino.

99 998 212 1076 proelio
223 1001 316 1058 rietus
330 999 445 1077 fugiens
457 999 492 1059 ad
504 999 600 1059 Asiam
612 1000 779 1059 interiectus
791 1008 845 1060 est.
859 999 940 1080 (IV.)
958 1000 1015 1060 An·
1023 1007 1071 1049 ⁷¹⁴

99 1083 204 1158 tonius,
217 1100 266 1160 qm
258 1082 374 1143 Asiam
386 1082 586 1162 orientemque
599 1084 728 1159 tenebat,
751 1084 899 1162 repudiata
914 1081 1048 1145 sororeA·
1052 1077 1078 1118 Π·

99 1162 524 1245 CaesarisAugustiOotaviani,
538 1166 730 1246 Cleopatram,
742 1148 1051 1246 reginamAegypti,⁷¹
1028 1144 1074 1187 ⁷¹¹¹

99 1247 178 1309 duxit
194 1261 324 1311 uxorem
354 1249 459 1312 Contra
475 1250 601 1312 Persas
593 1269 657 1330 ipse
675 1253 759 1311 etiam
774 1254 919 1329 pugnavit.
955 1250 1013 1311 Pri·
1022 1255 1049 1294 A·
1052 1253 1078 1294 U·

97 1334 215 1393 misens
232 1333 349 1412 proeliis
360 1337 439 1412 vicit,
462 1335 630 1412 regrediens
646 1345 738 1395 tamon
750 1335 824 1394 lame
836 1346 865 1394 et
877 1336 1013 1434 pestilon-
1032 1321 1077 1363 ⁷¹⁶·

96 1418 136 1477 tia
150 1416 288 1478 laboravit
302 1427 346 1494 et,
371 1435 434 1478 eum
454 1421 590 1478 instarent
602 1418 696 1478 Parthi
715 1418 884 1495 rugientis
876 1436 940 1497 ipse
959 1434 1013 1497 pro

97 1503 176 1560 vieto
190 1504 321 1560 recessit.

161 1584 247 1644 Cnr.
258 1583 322 1644 Vll.
352 1585 406 1645 llio
420 1603 536 1665 quoque
552 1588 652 1684 ingens
664 1586 770 1646 bellum
788 1586 873 1646 civile
889 1602 1012 1646 eommo-
1022 1622 1048 1661 Α
1051 1621 1078 1662 0,

95 1670 136 1726 vrt
147 1677 270 1746 cogente
282 1685 371 1728 uxore
383 1668 551 1748 Cleopatra,
574 1688 674 1748 regma
684 1670 827 1749 Aegypti
850 1671 915 1730 dum
933 1672 1012 1748 cupi·
1022 1689 1068 1730 rao.

95 1751 182 1811 ditate
196 1752 326 1813 muliebri
339 1763 419 1830 optat
431 1756 534 1814 etiam
525 1774 554 1813 m
565 1755 636 1814 urbe
649 1773 780 1832 regnare.
808 1755 909 1814 Victus
920 1763 964 1813 est
975 1755 1010 1814 ab
1021 1759 1047 1798 A·
1050 1758 1077 1798 V·
1130 1776 1132 1781 ·

94 1834 225 1934 Augusto
237 1836 328 1895 navali
340 1854 434 1914 pugna
446 1836 521 1896 elam
533 1846 562 1896 et
572 1836 674 1897 illustri
686 1838 761 1915 apud
772 1838 894 1913 Aetium,
908 1857 955 1917 qm
949 1837 1010 1895 lo·
1020 1826 1067 1867 ⁷²¹·

96 1935 147 1978 ons
159 1921 187 1978 in
197 1917 287 1996 Epiro
301 1929 361 1997 est,
384 1938 421 1981 ex
432 1938 487 1999 qua
504 1920 600 1997 fugit
591 1940 619 1979 m
632 1920 797 1998 Aegyptum
812 1931 840 1980 et
852 1920 1010 1998 desperatis

94 2003 198 2079 rebus,
218 2021 282 2062 num
294 2018 392 2063 omnes
404 2004 439 2064 ad
450 2004 609 2082 Angustum
620 2007 781 2082 transirent,
799 2007 863 2082 ipse
878 2023 912 2064 se
923 2007 1010 2064 intor-

94 2089 172 2146 emit.
199 2085 351 2165 Cleopatra
370 2089 424 2150 sibi
437 2088 564 2166 aspidem
576 2087 687 2149 admisit
704 2097 732 2148 et
749 2106 861 2149 veneno
879 2091 941 2148 eius
960 2107 1009 2148 ex-

93 2173 195 2231 stinetn
210 2181 263 2231 est.
296 2172 445 2252 Aegyptus
460 2191 514 2252 per
525 2171 707 2233 Octavianum
717 2174 876 2251 Augustum
888 2176 1008 2252 imperio

92 2253 221 2314 Romano
234 2256 344 2316 adiecta
359 2267 404 2316 est
416 2259 654 2335 praepositusque
672 2260 699 2316 ei
716 2256 767 2317 Cn.
780 2255 931 2317 Cornelius
944 2255 1008 2317 Gal-

93 2337 148 2397 lns.
169 2338 250 2397 llune
262 2342 381 2416 primum
391 2340 542 2417 Aegyptus
551 2339 707 2400 Romanum
719 2341 842 2399 iudicem
852 2340 958 2399 habuit.

158 2422 247 2482 Cor.
270 2421 347 2481 Vlll.
376 2421 418 2482 lta
429 2422 513 2481 bellis
528 2431 588 2480 toto
602 2422 672 2482 orbe
684 2423 824 2483 oonleetis
837 2422 1007 2484 Octavianus
1017 2444 1075 2486 mo.

92 2506 238 2583 Angustus
249 2505 366 2566 Romam
376 2504 470 2583 rediit,
482 2524 534 2567 mr.
546 2523 629 2584 anno,
642 2525 725 2585 quam
736 2506 837 2567 consul
848 2508 949 2568 luerat.
964 2506 1009 2567 Ex
1024 2512 1070 2559 ⁷²³·

94 2608 129 2650 eo
147 2609 206 2649 rem
224 2589 365 2668 publioam
381 2608 434 2669 per
449 2590 630 2670 quadraginta
648 2599 677 2650 et
693 2601 813 2669 quatuor
828 2610 915 2652 annos
927 2592 1007 2653 solus

53 2687 56 2693 ’
93 2674 221 2734 obtinuit.
243 2675 318 2735 Ante
330 2677 404 2735 enim
415 2677 617 2736 xnannisonm
627 2675 752 2735 Antonio
767 2675 909 2753 etLepido
926 2687 1006 2737 tenu-

92 2767 162 2818 erat.
185 2757 227 2818 lta
242 2761 276 2820 ab
288 2761 367 2821 initio
381 2761 554 2839 principatus
566 2761 628 2819 eius
640 2779 732 2838 usqne
743 2759 778 2819 ad
789 2760 872 2819 linem
883 2779 931 2821 nar
943 2764 1007 2820 anni

92 2841 183 2900 inere.
212 2841 278 2923 (V.)
300 2843 377 2904 Obiit
394 2853 488 2905 autem
508 2863 604 2903 nuri.
622 2861 695 2904 anno
710 2852 802 2903 morte
817 2847 957 2904 communi
978 2847 1073 2913 inqu.

93 2923 200 3002 oppido
217 2922 386 3004 Campaniae
398 2927 501 2987 Atella.
524 2926 632 2988 Romae
643 2930 672 2988 in
685 2944 786 3005 eampo
795 2927 896 2988 Martio
909 2930 1004 3007 sepul·
1015 2939 1063 2984 tto.

90 3019 137 3069 tus
152 3016 211 3085 est,
229 3011 282 3087 vir,
296 3013 345 3089 qui
358 3028 414 3071 non
425 3013 563 3071 immerito
579 3030 615 3070 ox
624 3014 743 3072 maxima
760 3021 840 3090 parte
850 3012 915 3073 Deo
927 3015 1003 3072 simi-

89 3092 126 3153 lis
142 3101 187 3152 est
200 3102 323 3171 putatus.
356 3093 459 3173 Neque
476 3097 550 3155 enim
569 3095 654 3155 iaoile
667 3095 741 3155 ullus
759 3113 794 3155 eo
812 3099 902 3157 autin
919 3095 1003 3156 bellis

78 3176 205 3238 ·ielioi0r
215 3177 268 3237 init
279 3187 326 3238 ant
336 3179 364 3239 in
375 3196 446 3257 paee
458 3178 638 3239 moderatior.
661 3199 728 3241 xmv
738 3183 828 3258 annis,
842 3181 944 3257 quibus
956 3195 1002 3236 so·

89 3259 134 3320 lus
148 3263 240 3339 gessit
252 3263 408 3341 imperium,
426 3264 590 3323 civilissime
602 3266 682 3340 vixit,
694 3267 723 3324 in
735 3273 852 3326 onnotos
863 3260 1002 3322 liberalis·

90 3345 188 3422 simus,
203 3348 232 3405 in
243 3349 350 3407 amieos
364 3346 525 3425 fidissimus,
539 3364 611 3428 quos
626 3350 710 3409 tantis
728 3346 1018 3414 enexttnonsmsxxs,

90 3435 121 3486 ut
127 3444 223 3505 paene
232 3439 370 3513 aequaret
381 3431 500 3516 fastigio
514 3451 582 3496 suo.
