2318 3818
447 217 597 272 cisun
627 217 647 273 1.
985 208 1006 277 t

90 388 165 454 ctos,
177 396 240 437 cum
251 377 347 438 Sabini
360 378 494 439 Romanis
505 377 611 439 bellum
622 377 792 456 intulissent,
803 380 873 439 uicti
889 388 962 456 sunt,
977 388 1006 440 et

90 462 127 522 de
143 463 187 521 his
200 462 463 539 esttriumphntum.
495 461 601 535 Quinto
612 477 684 521 auno
698 460 830 522 Valerius
840 462 908 539 ille,
927 462 1005 523 Bruti
1013 450 1071 496 Μ·

90 544 203 622 collega
215 553 244 605 et
259 553 357 622 quator
369 544 489 622 consul,
510 545 633 612 fataliter
644 554 771 612 mortuus
782 555 838 622 est,
850 546 924 607 adeo
937 564 1004 624 pau·
1018 519 1066 563 ²⁵¹⁸

91 647 153 707 par,
168 638 199 688 ut
213 629 325 688 collatis
338 648 354 688 a
366 627 477 707 populo
489 630 607 689 nummis
616 638 756 707 sumptum
766 629 897 690 habuerit
908 628 1004 708 sepul·

90 722 179 773 turae.
204 707 300 784 Quem
307 721 462 790 matronae,
475 699 685 789 sicut‘Ffutum,
698 731 800 773 aunum
810 712 950 774 luxerunt.

152 817 237 877 Gan.
250 815 314 877 XII.
331 815 415 899 (XI.)
440 817 524 878 Nono
536 834 610 878 auno
620 826 687 895 post
701 835 788 897 reges
800 827 927 894 exactos,
941 835 1004 878 oum

88 919 179 978 gener
189 899 333 979 Tarquinii
348 900 383 961 ad
398 903 526 962 iniuriam
541 903 636 962 soceri
652 901 847 962 vindicandam
860 902 1005 979 ingentem

89 984 258 1065 collegisset
277 981 449 1062 exercitum,
471 1002 546 1046 nova
564 985 673 1045 Romae
690 985 812 1063 dignitas
832 993 878 1045 est
897 994 1002 1062 creatu,

89 1085 163 1146 quae
173 1068 309 1128 dictatura
320 1067 489 1146 appellatur,
501 1070 592 1133 maior
602 1088 686 1148 quam
698 1069 871 1129 consulatus.
893 1068 1003 1128 Eodem
1013 1084 1070 1131 mu.
1112 1146 1115 1150 .

88 1168 162 1211 anno
174 1153 257 1211 etiam
270 1154 407 1230 magister
418 1155 543 1231 equitum
554 1154 647 1213 lactus
659 1163 719 1229 est,
742 1155 790 1232 qui
805 1152 935 1213 dictatori
953 1152 1002 1213 ola
1019 1152 1067 1197 Μ

88 1242 266 1312 sequeretur.
291 1234 395 1317 Neque
413 1237 566 1316 quidquam
579 1236 702 1297 ‘similius
719 1246 816 1315 potest
827 1237 900 1314 dici,
920 1254 1003 1314 quam

88 1318 224 1379 dictatura
239 1320 352 1398 antiqua
366 1320 432 1380 huic
449 1323 562 1399 imperii
573 1323 726 1400 potestati,
744 1337 912 1398 quamnuno
930 1329 1003 1380 tran·

89 1402 212 1479 quillitas
222 1412 318 1462 vestra
328 1404 424 1480 habet,
436 1406 556 1464 maxime
567 1421 629 1462 cum
635 1404 781 1481 Augustus
796 1420 911 1480 quoque
919 1402 1002 1462 Octa·
1082 1432 1087 1441 ·

88 1487 198 1562 vienus,
214 1482 251 1544 de
263 1503 320 1564 quo
332 1493 435 1564 postea
446 1487 585 1562 dicemus,
607 1495 711 1546 etanta
723 1505 787 1546 cum
799 1484 886 1546 Gaius
898 1485 1004 1546 Caesar

88 1568 141 1628 sub
155 1567 309 1628 dictaturae
324 1572 437 1631 nomine
455 1579 541 1648 atque
557 1572 667 1630 honore
682 1572 872 1648 regnaverint.
907 1569 1004 1629 llicta·

86 1661 132 1712 tor
146 1660 240 1712 autem
255 1651 363 1714 Romae
377 1656 484 1731 primus
500 1655 554 1714 iuit
570 1654 702 1731 Larcius,
726 1657 862 1733 magister
879 1656 1004 1732 equitum

89 1737 194 1814 primus
210 1735 261 1814 Sp.
275 1734 402 1799 cassius.

152 1840 237 1900 Car.
250 1838 328 1898 XIII.
342 1839 437 1922 (XII.)
453 1841 542 1900 Sexto
555 1842 665 1902 decimo
678 1857 751 1901 anno
764 1850 831 1920 post
839 1861 924 1921 reges
938 1860 1003 1901 exa·
1012 1867 1069 1909 pu.

88 1930 151 1982 ctos
169 1921 337 1982 seditionem
355 1923 479 2002 populus
490 1922 598 1984 Ilomae
614 1925 699 2000 iecit,
723 1934 854 2004 tanquam
873 1944 889 1984 a
905 1932 1003 1984 senatu
1011 1935 1057 1976 ²⁶⁰.

87 2016 173 2085 atque
192 2005 356 2067 consulibus
371 2016 556 2085 premeretur.
585 2007 655 2068 'lum
676 2010 783 2087 etipse
800 2009 855 2067 sibi
874 2008 1002 2067 tribunos

88 2090 192 2169 plebis,
205 2092 286 2170 quasi
298 2093 431 2170 proprios
448 2090 557 2151 iudices
569 2101 599 2152 at
616 2092 794 2169 defensores,
812 2093 933 2168 creavit,
950 2107 1003 2168 per

88 2191 161 2255 quos
173 2182 270 2234 contra
285 2183 413 2236 senatum
428 2180 457 2234 ct
469 2175 602 2237 consules
616 2185 692 2236 tutus
710 2194 776 2237 esse
788 2182 897 2254 posset.

151 2279 239 2340 Gar.
254 2277 331 2340 XIV.
361 2281 499 2359 Sequenti
519 2297 591 2341 anuo
608 2280 707 2340 Volsci
724 2279 830 2340 bellum
850 2296 1001 2358 reparave-
1011 2304 1065 2347 nu,

86 2370 165 2439 runt,
190 2372 218 2422 et
232 2364 301 2422 victi
317 2366 379 2424 acic
397 2367 480 2424 etiam
496 2360 631 2422 Coriolos
649 2364 801 2439 civitatem,
822 2380 905 2440 quam
916 2362 1001 2421 habe·
1015 2370 1061 2414 Μ.

87 2446 154 2505 bant
166 2447 309 2523 optimam,
332 2446 524 2525 perdiderunt.

40 2561 42 2565 '
149 2551 235 2612 (lar.
257 2550 319 2612 XV.
332 2548 443 2630 (XIII.)
470 2548 710 2611 octavodecimo
734 2569 807 2612 anno
828 2559 895 2628 post
916 2567 1002 2627 reges
1010 2578 1068 2622 gu,

88 2636 199 2695 eiectos
215 2635 352 2713 expulsus
369 2653 405 2696 ex
422 2635 493 2695 urbe
510 2634 546 2708 Q.
563 2631 705 2710 Marcius,
729 2635 785 2695 dux
798 2634 999 2710 Romanorum,
1015 2647 1062 2693 aas.

88 2721 135 2797 qui
149 2716 281 2780 Coriolos
293 2728 419 2798 ceperat,
431 2718 602 2779 Volscorum
614 2719 773 2795 civitatem,
791 2718 826 2778 ad
836 2718 918 2795 ipsos
931 2715 999 2776 Vol·

86 2820 155 2862 scos
171 2803 315 2865 contendit
324 2805 423 2879 iratus,
445 2811 475 2862 ct
486 2801 589 2863 auxilia
603 2809 700 2861 contra
715 2800 859 2861 Romanos
875 2801 997 2877 accepit,

86 2885 289 2963 Romanosque
312 2904 401 2964 saepe
418 2887 496 2945 vicit.
533 2884 632 2963 Usque
652 2884 688 2945 ad
705 2887 831 2963 quintum
852 2882 999 2944 miliarium

85 2969 164 3029 urbis
176 2972 310 3045 accessit,
323 2979 537 3048 oppugnaturus
555 2971 638 3028 ctiam
653 2971 771 3047 patriam
787 2968 901 3046 [suam],
920 2967 998 3044 lega-

84 3055 133 3128 tis,
147 3055 195 3131 qui
208 3070 307 3130 pacem
323 3052 467 3131 petebant,
480 3051 647 3132 repudiatis,
658 3053 713 3112 nisi
724 3051 759 3113 ad
771 3070 836 3112 eum
845 3049 998 3111 materlle·

84 3138 156 3197 turia
168 3145 197 3196 et
208 3153 280 3196 uxor
291 3137 440 3197 Volumnia
451 3155 487 3197 ex
501 3137 572 3197 urbe
582 3137 740 3213 venissent,
762 3154 879 3214 quarum
891 3133 959 3193 lletu
971 3139 1000 3191 et

85 3218 287 3297 deprecatione
299 3229 449 3299 superatus
461 3222 584 3281 removit
594 3220 758 3280 exercitum.
786 3219 882 3297 Atque
894 3217 941 3275 hic
952 3232 999 3274 se·

85 3303 193 3364 cundus
209 3314 276 3382 post
286 3304 467 3383 Tarquinium
478 3305 541 3380 luit,
554 3304 603 3382 qui
613 3301 669 3364 dux
681 3313 779 3365 contra
791 3302 908 3380 patriam
919 3315 999 3359 suana

85 3397 172 3448 esset.
