2318 3818
436 241 660 297 LIBERVII.
963 237 1004 302 51

91 424 155 468 cum
167 409 195 466 in
206 405 285 466 Italia
300 405 357 465 levi
371 405 482 483 proelio
494 407 585 464 victus
598 414 690 481 esset,
707 407 837 483 ingentes
853 415 945 467 amen
956 425 1005 466 oo·

92 495 154 571 pias
166 490 200 550 ad
215 489 321 551 bellum
338 490 472 566 baberet,
494 498 596 567 sponte
611 497 702 549 semet
719 489 825 549 oceidit
842 493 1004 569 petentibus
1056 486 1059 491 ⁴

91 575 236 651 militibus,
248 593 284 634 ne
296 583 351 633 tam
362 575 420 634 cito
432 573 468 634 de
480 573 548 632 belli
562 572 728 651 desperaret
736 584 850 651 eventu,
865 593 928 635 curn
935 578 1017 636 tanti·

91 678 124 719 se
143 674 200 719 non
215 677 282 718 esso
301 658 438 734 dixisset,
457 666 488 717 ut
499 666 618 736 propter
628 675 693 717 oum
708 658 792 717 civile
807 659 912 719 belluim
927 676 1002 720 com·
1026 686 1053 729 p.

90 752 261 803 moveretur.
282 742 447 803 Voluntaria
458 749 548 801 morte
561 743 631 801 obiit
640 745 788 820 trigesimo
801 752 1070 804 etoctavoae·c·1t·

89 830 156 888 tatis
168 843 250 902 anno,
267 829 451 904 nonagesimo
465 835 493 885 et
507 828 604 904 quinto
619 828 730 904 imperii
742 826 798 887 die.
1020 823 1054 870 ⁶⁹·

155 912 242 971 cnr.
263 909 367 970 XVIII.
387 909 490 991 (XII.)¹
517 910 591 976 Dein
608 910 739 987 Vitellius
756 913 878 990 imperio
895 915 1002 990 potitus

91 1004 145 1071 est,
158 995 262 1055 iamilia
273 996 409 1055 honorata
421 996 511 1072 magis
523 1012 606 1072 quam
616 995 714 1054 nobili.
751 995 822 1055 Nam
840 1005 922 1074 pater
940 999 1002 1057 eius

89 1097 146 1140 non
156 1078 304 1138 admodum
317 1077 392 1138 clare
403 1088 501 1153 natus,
521 1087 581 1138 tres
591 1087 684 1137 tamon
699 1077 855 1139 ordinarios
873 1091 1004 1158 gesserat
1020 1083 1022 1090 '
1096 1104 1098 1108 ’

89 1163 264 1223 consulatus
294 1162 347 1222 llic
364 1180 427 1222 cum
446 1162 532 1222 multo
550 1161 693 1224 dedecore
709 1165 857 1241 imperavit
874 1173 904 1224 et
923 1168 1003 1243 gravi

89 1249 207 1307 saevitia
217 1247 360 1323 notabilis,
375 1248 530 1324 praecipue
541 1246 667 1324 ingluvie
676 1256 706 1306 et
716 1249 882 1327 voracitate,
896 1251 1003 1330 quippe

89 1350 152 1392 oum
164 1331 201 1390 de
212 1331 258 1390 die
269 1348 359 1414 saepe
374 1340 473 1410 quarto
492 1331 539 1390 vel
552 1333 650 1408 quinto
665 1331 771 1391 feratur
786 1331 925 1409 epulatus.
945 1333 1002 1392 No·

87 1417 197 1475 tissima
208 1425 286 1475 certo
301 1432 392 1474 coena
406 1416 559 1474 memoriae
568 1413 696 1474 mandata
709 1424 763 1489 est,
779 1433 861 1493 quam
877 1433 904 1474 er
897 1416 1003 1476 Vitel-

89 1500 144 1559 lius
160 1499 247 1558 irater
260 1497 425 1574 exhibuit,n
417 1517 445 1556 m
465 1515 530 1576 qua,
548 1516 636 1576 super
651 1507 763 1558 ceteros
776 1509 922 1577 sumptus,
947 1501 1002 1560 duo

88 1583 165 1642 milia
179 1583 309 1660 piscium,
323 1591 433 1660 septem
445 1585 536 1641 avium
547 1583 624 1643 milia
637 1585 769 1661 apposita
780 1583 932 1645 traduntur.
950 1584 1003 1645 llic

90 1686 153 1727 cum
168 1664 275 1726 Neroni
288 1667 387 1725 similis
399 1684 466 1726 esse
476 1665 566 1725 vellet
576 1676 660 1745 atque
679 1666 707 1726 id
718 1667 791 1728 adeo
808 1685 876 1747 prae
894 1686 926 1728 se
946 1669 1001 1728 ler-

88 1760 142 1827 ret,
162 1753 287 1811 utetiam
299 1752 451 1829 exsequias
464 1749 604 1826 Neronis,
628 1769 702 1830 quae
712 1752 854 1811 humiliter
872 1754 1001 1830 sepultae

89 1836 209 1910 luerunt,
227 1835 396 1910 honoraret,
416 1835 614 1910 aVespasiani
638 1835 756 1893 ducibus
769 1840 883 1895 occisus
901 1847 945 1897 est
960 1841 1001 1897 in·
1030 1834 1033 1841 ’
1065 1845 1068 1851 ’

88 1919 211 1989 terfecto
224 1920 302 1995 prius
312 1917 603 1995 Sabino,Vespasiani
617 1920 795 1996 imperatoris
807 1920 903 1996 fratre,
917 1940 1001 1999 quem

89 2022 153 2063 cum
168 2001 311 2080 Capitolio
321 2001 454 2061 incendit.
482 2001 652 2061 Interiectus
668 2010 762 2061 autem
774 2012 818 2063 est
830 2013 933 2065 etcum
943 2024 1000 2065 ma·

88 2105 145 2166 gno
160 2086 304 2146 dedecore
314 2094 420 2146 tractus
438 2104 491 2164 per
509 2087 605 2145 urbem
621 2086 739 2147 Romam
754 2087 879 2165 publice,
899 2089 1001 2168 nudus,

90 2180 186 2231 erecta
198 2188 278 2231 coma
292 2179 322 2230 et
339 2172 443 2249 capite,
461 2172 593 2231 subiecto
605 2170 640 2230 ad
656 2182 778 2231 mentum
796 2172 907 2250 gladio,
931 2183 1001 2234 ster·

90 2273 159 2316 core
184 2258 212 2315 in
233 2255 340 2315 vultum
360 2265 389 2314 et
406 2265 509 2334 pectus
531 2255 565 2314 ab
587 2255 715 2314 omnibus
737 2257 830 2315 obviis
847 2260 1001 2335 appetitus.

88 2339 235 2400 Postremo
247 2338 387 2416 lugulatus
404 2340 455 2398 et
446 2359 475 2398 ιιι
486 2338 610 2397 Tiberim
622 2337 750 2397 deiectus
765 2342 848 2398 etiam
860 2343 999 2401 communi

90 2426 179 2483 caruit
200 2423 355 2501 sepultura.
390 2421 478 2481 Periit
502 2431 594 2481 autem
616 2423 717 2481 aetatis
734 2437 806 2482 anno
825 2426 945 2502 septimo
971 2433 1000 2485 et
1009 2397 1067 2510 cp„

89 2508 335 2586 quinquagesimo,
351 2503 463 2583 imperii
477 2524 575 2565 mense
591 2526 654 2567 ιιιι
671 2514 700 2565 et
711 2506 757 2566 dre
770 2524 836 2566 uno
1017 2536 1050 2578 59
1076 2580 1078 2585 Ι

152 2593 235 2652 Car.
251 2589 319 2650 XIX
321 2589 447 2670 (ΧΙΙΙ.)
466 2590 657 2670 Vespasianus
666 2591 732 2650 burc
743 2594 894 2668 successit
908 2593 999 2655 lactus

89 2676 163 2755 apud
183 2675 368 2736 Palaestinam
393 2677 556 2753 imperator,
582 2678 717 2753 princeps
742 2677 865 2735 obscure
887 2676 1000 2754 quidem

88 2771 179 2837 natus,
196 2760 246 2820 sed
263 2762 377 2839 optimis
390 2759 604 2838 comparandus,
628 2761 735 2837 privata
748 2762 806 2818 vita
820 2759 946 2836 illustris,
968 2771 998 2821 ut
1025 2781 1050 2822 r

90 2847 164 2943 quia
176 2843 334 2905 Claudio'm
347 2842 533 2918 Germaniam,
550 2841 670 2902 deindo
661 2863 690 2903 m
701 2843 868 2903 Britanniam
882 2845 1040 2959 missus,⁴3
1011 2849 1068 2893 Μ’

89 2928 185 2987 tricies
199 2935 227 2986 et
237 2927 282 2986 bis
295 2945 357 2987 cum
369 2929 452 2987 hoste
469 2925 637 3004 condixerit,
651 2927 720 2987 duas
730 2926 918 2987 validissimas
930 2918 1048 3029 gen-⁴³·

59 3035 62 3041 ·
87 3021 145 3088 tes,
157 3031 195 3071 xx
207 3011 322 3090 oppida,
335 3011 454 3070 insulam
461 3011 589 3088 Vectem,
602 3011 761 3072 Britanniae
772 3017 938 3090 proximam,
950 3016 1000 3072 im·

89 3098 171 3177 perio
186 3096 315 3156 Romano
330 3095 475 3156 adiecerit.
498 3095 607 3156 Romae
619 3114 651 3155 se
664 3098 692 3155 in
704 3098 823 3174 imperio
834 3097 999 3157 moderatis-

88 3185 160 3243 sime
175 3183 276 3260 gessit.
302 3180 445 3240 Pecuniae
456 3188 560 3240 tantum
572 3179 681 3240 avidior
692 3180 754 3258 fuit,
766 3183 804 3241 ita
817 3190 847 3242 ut
858 3199 919 3240 eam
931 3180 1000 3240 nulli

87 3268 190 3328 iniuste
205 3266 338 3326 auferret.
369 3263 459 3338 Quam
486 3283 549 3324 cum
566 3266 641 3325 omni
655 3264 818 3343 diligentiae
836 3266 1000 3364 provisione

89 3351 249 3430 colligeret,
262 3359 355 3412 tamen
370 3349 578 3411 studiosissime
588 3350 769 3429 largiebatur,
793 3365 947 3428 praecipue
958 3366 998 3408 ιιι

56 3463 60 3472 ·
89 3436 258 3514 digentibus
292 3435 354 3495 Neo
371 3434 455 3495 facile
472 3442 537 3495 ante
548 3452 611 3494 eum
622 3437 786 3513 cuiusquam
803 3434 940 3578 ppipcipis
951 3430 999 3492 vel
