2318 3818
306 224 312 235 ’
398 245 656 333 ΙιιΒΕιηιζ
901 250 992 318 '73

84 432 129 483 ret
143 431 323 501 potestatem,
336 441 406 502 quas
418 423 467 482 ille
478 425 569 483 irritas
580 422 684 483 babuit.
708 420 766 481 Sed
774 421 922 483 adversum
933 441 993 483 mo·

84 516 142 567 tum
159 509 398 586 praetorianorum
418 505 651 586 atqueMaxentii
672 505 796 565 Severus
817 505 993 567 CaesarRo·

85 609 156 651 mam
166 594 270 650 missus
281 609 298 650 a
309 589 421 651 Galerio
431 608 493 649 eum
505 592 728 666 exercitaverit,
746 591 937 671 obsidensque
949 611 993 650 ur·

84 676 149 734 bem
161 674 276 759 militum
289 692 401 735 suorum
412 674 523 734 scelere
535 674 663 733 desertus
676 682 729 732 est.

83 770 86 776 '
148 759 235 818 Cur.
247 756 299 817 111.
319 758 429 818 ductae
439 757 581 832 Maxentio
593 773 665 836 opes
678 758 927 836 continuatumque
944 761 994 818 im·

85 844 203 920 perium.
227 843 351 902 Severus
363 842 474 920 lugiens
482 841 632 902 Ravennae
641 841 805 901 interiectus
816 850 869 902 est.
888 843 994 902 Hercu·
1018 868 1044 909 p,

83 925 139 985 lius
153 934 249 985 ¹tamen
260 925 443 986 Maximianus
462 935 529 1003 post
542 927 612 986 haec
630 928 657 984 in
670 928 809 986 concione
822 929 994 986 exercituum
1006 936 1063 978 c-N·

85 1009 171 1068 lilium
189 1008 359 1069 Maxentium
378 1009 485 1069 nudare
503 1019 618 1070 conatus
635 1009 803 1069 seditionem
822 1019 850 1069 et
867 1012 995 1069 convicia
1008 1005 1053 1048 ³⁰⁷·

85 1093 201 1152 militum
212 1093 283 1152 tulit.
302 1092 372 1152 lnde
385 1095 419 1153 ad
432 1093 534 1153 Gallias
546 1093 993 1171 proiectusestdolocomposito‚

84 1185 214 1254 tanquam
226 1194 241 1237 a
256 1176 313 1236 filio
326 1188 404 1237 esset
416 1177 561 1255 expulsus,
581 1186 610 1236 ut
621 1176 804 1237 constantino
816 1194 924 1256 genero
935 1180 994 1237 iun·
1023 1216 1029 1233 ,

85 1270 218 1350 geretur,
239 1260 358 1321 moliens
374 1271 468 1321 tamen
487 1259 696 1321 Constantinum
711 1271 824 1339 reperta
844 1264 995 1320 occasione

85 1344 256 1426 interficere,
271 1348 318 1422 qui
330 1343 658 1404 inGalliisetmilitumet
666 1344 877 1422 provincialium
889 1348 994 1422 ingenti

85 1430 139 1486 iam
157 1428 255 1487 favore
271 1428 407 1505 regnabat
426 1430 518 1486 caesis
538 1426 653 1503 Francis
670 1437 754 1504 atque
770 1428 930 1487 Alamannis
948 1446 993 1487 ca-

85 1513 199 1589 ptisque
216 1528 313 1569 eorum
329 1511 457 1589 regibus,
472 1527 545 1588 quos
565 1513 648 1571 etiam
659 1512 773 1587 bestiis,
794 1529 857 1571 curn
868 1511 993 1589 magnili-

56 1604 61 1617 '
85 1614 148 1677 cum
163 1594 355 1672 spectaculum
366 1597 488 1654 muneris
504 1605 642 1672 parasset,
660 1595 775 1654 obiecit.
796 1594 926 1654 Detectis
941 1596 993 1672 igi·

84 1688 128 1738 tur
139 1679 247 1738 insidiis
258 1697 311 1755 per
321 1678 451 1738 Faustam
467 1678 564 1755 filiam,
588 1697 661 1757 quae
672 1679 766 1738 dolum
776 1682 837 1738 viro
849 1678 1013 1738 nuntiare-⁸

84 1772 141 1837 rat,
160 1763 286 1839 profugit
301 1762 465 1835 Herculius,
492 1761 692 1839 Massiliaeque
709 1781 866 1841 oppressus
884 1762 944 1839 1(ex
960 1780 994 1821 ea
1024 1798 1030 1805 ι

61 1862 65 1875 ’
85 1848 187 1904 etenim
198 1847 331 1920 navigare
338 1844 372 1904 ad
384 1845 470 1903 lilium
481 1846 680 1925 praeparabat)
694 1862 800 1923 poenas
812 1845 889 1905 dedit
898 1848 990 1904 iustis·
1016 1878 1044 1920 p,

85 1931 156 1989 simo
172 1931 264 2003 exitu,
281 1932 325 1986 vir
340 1927 375 1987 ad
394 1945 504 1987 omnem
519 1931 699 2005 asperitatem
714 1931 915 2006 saevitiamque
926 1946 990 2007 pro·
1005 1928 1061 1988 cn.

86 2012 186 2088 clivus,
198 2011 310 2088 infidus,
322 2011 525 2087 incommodus,
539 2012 680 2072 civilitatis
698 2015 809 2090 penitus
822 2030 934 2090 expers.
1002 2015 1050 2060 3¹⁰·

150 2096 235 2157 Gar.
255 2095 303 2156 lV.
323 2094 408 2175 (lll.)
439 2094 492 2154 Per
506 2097 562 2154 hoc
577 2105 688 2174 tempus
710 2094 852 2157 aGalerio
869 2095 992 2156 Licinius
1018 2131 1065 2173 p,¹

86 2181 240 2257 imperator
259 2190 304 2239 est
325 2179 428 2256 lactus,
450 2179 540 2239 Dacia
561 2180 711 2258 oriundus,
734 2189 817 2240 notus'
835 2182 862 2239 ei
882 2183 993 2258 antiqua
1005 2198 1061 2240 cn.

86 2264 290 2323 consuetudine
312 2273 340 2323 et
362 2266 391 2323 in
413 2262 506 2338 hello,
529 2264 604 2340 quod
621 2265 757 2323 adversus
772 2264 909 2323 Narseum
927 2282 994 2341 ges·
1006 2267 1052 2309 ³¹¹·

86 2358 177 2421 serat,
200 2351 321 2406 strenuis
335 2345 480 2405 laboribus
495 2356 525 2405 et
548 2347 651 2406 olliciis
668 2356 813 2424 acceptus.
843 2345 920 2406 Mors
940 2346 994 2406 Ga·

85 2430 148 2489 lerii
167 2430 316 2503 confestim
336 2439 434 2488 secuta
453 2440 505 2489 est.
538 2430 579 2489 lta
601 2448 649 2490 res
672 2431 785 2508 publica
805 2440 862 2490 tum
880 2449 896 2489 a
911 2432 993 2489 novis

85 2523 206 2592 quatuor
222 2514 437 2591 imperatoribus
453 2515 614 2590 tenebatur,
638 2512 819 2575 Constantino
841 2523 870 2573 et
880 2513 994 2573 Maxen-

86 2601 137 2674 tio,
162 2597 227 2657 filiis
238 2598 447 2675 Augustorum,
469 2596 576 2658 Licinio
590 2597 788 2675 etMaximino‚
808 2600 890 2658 novis
905 2598 994 2657 homi·

85 2683 178 2742 nibus.
210 2679 314 2755 Quinto
329 2691 423 2742 tamen
440 2681 639 2743 Constantinus
655 2685 822 2761 imperii'sui
839 2698 912 2747 anno
932 2681 992 2740 bel·
1017 2703 1043 2744 r.
1133 2682 1137 2703 ²

84 2765 141 2824 lum
159 2765 307 2826 adversum
324 2766 494 2827 Maxentium
513 2766 598 2826 ciuile
619 2769 782 2841 commovit,
809 2767 909 2842 copias
931 2767 1060 2824 eiusce·

85 2847 179 2908 multis
199 2849 317 2926 proeliis
338 2850 425 2926 ludit,
449 2853 542 2927 ipsum
553 2860 698 2927 postremo
720 2849 828 2909 Romae
845 2849 993 2923 adversum
1005 2841 1052 2884 ³¹²·

84 2930 196 2991 nobiles
223 2931 351 2992 omnibus
374 2935 467 2992 exitiis
489 2935 663 2993 saevientem
684 2932 758 3011 apud
786 2941 901 3011 pontem
920 2931 992 2991 Mul·
1017 2960 1043 2999 p.

84 3017 160 3074 vium
169 3018 237 3074 vicit
248 3015 385 3093 Italiaque
397 3018 441 3075 est
456 3019 571 3094 potitns.
602 3018 667 3077 Non
677 3016 763 3076 multo
776 3026 841 3094 post
855 3016 992 3092 deinceps
1005 3026 1060 3070 cu.

85 3101 113 3158 in
124 3097 240 3158 Oriente
256 3115 372 3177 quoque
392 3101 528 3161 adversus
543 3101 678 3161 Licinium
694 3100 858 3160 Maximinus
875 3118 923 3159 res
941 3113 992 3157 no·
1003 3095 1051 3138 ³¹²·

83 3201 135 3243 vas
150 3182 263 3243 molitus
279 3186 401 3244 vicinum
422 3187 536 3244 exitium
552 3186 665 3245 fortuita
683 3183 757 3263 apud
775 3184 890 3244 Tarsum
903 3189 994 3242 morte

85 3269 239 3344 praevenit.
403 3264 406 3277 '

149 3352 235 3413 Gur.
252 3349 289 3414 V.
309 3350 389 3431 (tv.)
426 3349 625 3413 Constantinus
649 3361 759 3428 tamen,
782 3352 825 3410 vir
844 3351 944 3427 ingens
964 3355 995 3408 et

85 3437 178 3495 omnia
199 3436 316 3497 elicere
336 3437 444 3513 nitens,
471 3454 545 3517 quae
562 3437 655 3497 animo
675 3441 887 3514 praeparasset,
910 3431 993 3493 simul
