2318 3818
984 167 1003 207 V

53 313 59 326 '
100 317 243 402 babemus,
260 332 316 374 non
330 313 685 392 inconditesoriptumest,
705 317 1002 395 etperspicue,.utti·
1044 298 1049 314 ’
1110 309 1113 383 J

99 437 196 480 ronunr
207 417 333 478 manibus
344 417 450 476 versari
466 416 573 494 possit,
598 402 762 494 excerptum
777 436 813 478 ex
828 418 1001 495 auctoribus,

99 537 171 600 qnos
190 518 320 607 conlcrre
335 517 418 594 licet,
439 518 530 596 etqui
547 501 701 594 perierunt;
723 518 796 579 unde
808 519 929 583 subinde
941 539 1001 580 nar-

98 631 149 700 rat,
174 621 210 682 de
222 620 323 701 quibus
335 619 382 679 alii
396 627 490 680 tacent
503 617 550 678 vel
564 617 675 677 diversa
687 617 878 695 prodiderunt.—
906 614 1010 680 insunt

65 742 68 749 ·
99 721 233 802 quaedam
246 723 390 799 vergentis
403 720 520 797 aetatis,
536 718 651 779 ferenda
663 721 757 797 potins
771 739 852 798 quarn
863 720 1002 800 imitanda.

97 823 130 884 ln
146 824 225 883 annis
241 824 278 882 ita
296 823 386 882 omnia
400 809 508 882 turbata
519 829 599 910 sunt,
618 829 648 880 ut
658 821 785 898 nescias,
802 823 950 900 scriptoris
961 822 1001 880 vi-

97 927 165 984 tium
181 926 218 985 sit
233 942 267 985 an
280 922 471 999 librariorum,
497 931 526 982 et
538 940 639 983 severa
654 923 738 983 etiarn
753 921 864 982 medela
878 924 927 985 vix
937 922 1001 984 sub·

97 1027 186 1087 veniri
211 1026 312 1105 possit.
346 1022 435 1102 Igitur
449 1022 552 1087 idoneo
566 1024 783 1102 interpreti'sna
804 1041 870 1103 pars
891 1041 1006 1102 semper
1048 1064 1056 1081 ..

97 1127 280 1208 relinquenda
291 1136 335 1187 est
346 1127 381 1187 ab
392 1126 511 1204 editore,
524 1144 608 1206 quum
620 1127 663 1184 rir
673 1124 758 1185 rebus
769 1126 939 1185 necessariis
954 1143 1003 1204 pa·

97 1248 157 1290 rum
172 1229 292 1290 imbutus
309 1227 394 1308 longa
411 1219 494 1289 etiarn
508 1227 682 1288 institutione
693 1226 880 1306 utinequcat,
902 1226 1001 1304 dignus

97 1346 150 1402 suo
164 1348 279 1391 munere
291 1329 364 1391 duce
378 1331 567 1410 supersedere
580 1331 686 1408 possit,
710 1327 906 1408 malitque,ut
923 1329 1001 1407 inge·

97 1433 144 1490 nio
160 1448 212 1490 suo
225 1438 254 1490 et
265 1429 391 1491 doctrina
403 1433 471 1491 satis
486 1417 621 1491 conlisus.
652 1428 761 1490 Graece
779 1430 893 1508 saepius
910 1427 1001 1489 reddi·

97 1541 155 1591 tum
175 1549 241 1591 esse
257 1529 437 1608 Eutropium,
460 1529 506 1590 vel
524 1549 560 1592 ex
580 1541 738 1611 temporum
756 1530 926 1610 imperiique
943 1513 1001 1590 llo·

97 1635 168 1693 mani
189 1630 371 1708 condicione,
395 1649 467 1710 quae
484 1640 550 1719 tunc
571 1633 639 1711 init,
660 1631 829 1693 conieceris.
864 1629 1002 1708 Superest

97 1735 207 1796 Paeonii
230 1733 338 1795 Graeca
360 1733 569 1811 interpretatio,
602 1734 719 1795 liberior
740 1730 854 1812 quidem
877 1738 906 1790 et
929 1749 1002 1811 quae

97 1855 184 1916 saepe
200 1835 235 1896 ad
252 1834 393 1894 diversum
411 1834 570 1911 exemplum
582 1835 656 1896 lacta
671 1835 814 1908 videatur,
839 1831 890 1891 sed
907 1830 943 1892 ad
960 1833 1014 1891 iu·'

98 1937 198 1997 dicium
212 1935 247 1994 de
262 1931 380 2011 singulis
393 1930 466 1991 locis
485 1931 630 1996 lerendum
646 1937 781 1997 maximae
801 1933 861 1991 lere
880 1934 1000 1992 auctori-

97 2040 178 2115 tatis,
199 2034 364 2116 praesertim
382 2052 466 2111 quum
485 2035 533 2094 vin
556 2039 671 2098 serioris
690 2039 755 2116 ipso
772 2033 844 2094 libro
865 2034 901 2093 sit
916 2034 1001 2112 origi·

96 2143 148 2200 nis.
183 2132 237 2212 Qut
255 2153 365 2198 omnem
377 2136 520 2196 historiam
536 2136 564 2198 in
576 2138 772 2218 compendium
789 2134 921 2213 redigere
934 2152 1000 2195 coe·

89 2249 209 2320 perant,
233 2255 300 2299 mox
317 2239 441 2313 insertis,
465 2246 622 2317 quaetsuae
639 2242 723 2301 aetati
737 2239 827 2315 magis
844 2236 999 2316 placerent,

96 2343 241 2420 sequentis
255 2334 338 2399 etiam
352 2340 487 2417 temporis
499 2337 631 2401 historias
646 2349 833 2401 attexuerunt.
857 2339 926 2401 lnde
941 2350 1000 2402 tan·

95 2443 160 2502 dem
173 2450 232 2501 orta
250 2449 294 2498 est
304 2440 420 2499 historia
431 2435 573 2518 miscella,
595 2459 668 2520 quae
683 2456 758 2501 nono
773 2441 873 2503 seculo
886 2461 902 2502 a
913 2441 999 2502 Paulo

95 2544 222 2603 Diaconc
244 2539 402 2620 talibusque
427 2539 561 2619 deinceps
581 2543 650 2602 viris
670 2520 801 2605 conlecta
822 2542 868 2603 diu
887 2543 1000 2605 oracula

95 2644 180 2704 edidit
202 2642 237 2703 de
258 2641 373 2702 historia
389 2640 523 2718 Romana,
549 2641 640 2703 donec
661 2646 818 2705 restitutum
831 2664 892 2706 cunr
910 2648 998 2706 omnis

96 2745 257 2806 eruditionis
270 2744 334 2803 luce
343 2742 382 2804 de
397 2744 561 2822 antiquitate
577 2743 708 2805 iudicium
722 2749 844 2825 genuina
861 2767 877 2809 a
895 2751 998 2827 spuriis

94 2846 260 2924 dispescere
271 2844 377 2904 didicit.
408 2842 507 2922 ltaque
524 2853 589 2921 post
605 2847 708 2925 primas
720 2846 876 2927 editiones,
897 2849 997 2910 Roma·

94 2942 324 3021 nama.1471.,
345 2945 483 3021 Venetas,
502 2942 692 3025 Parisienses,
713 2946 902 3028 Florentinas,
920 2951 997 3012 Basi-

94 3048 223 3124 lecnses,
249 3063 319 3125 quas
339 3047 385 3107 hic
402 3063 553 3113 recensere
568 3065 625 3136 non
640 3050 751 3127 attinet,
776 3054 929 3130 exstitere,
950 3056 997 3132 qui

94 3149 256 3229 prudentius
275 3150 303 3208 in
320 3162 356 3207 eo
376 3149 491 3226 negotio
509 3147 694 3228 elaborarent,
714 3151 901 3213 Scbonhoiius
918 3153 995 3213 Basi-

93 3248 157 3310 leae
167 3267 193 3310 a.
207 3247 309 3327 1546,
323 3248 401 3310 Elias
412 3249 528 3310 Vinetus
540 3249 655 3311 Pictavii
667 3270 692 3311 a.
706 3250 809 3329 1553,
829 3252 996 3332 Splburgine

93 3348 840 3432 annuoruma.1588.,1uu1nsn1em1acngdunraar.
855 3372 881 3415 a.
890 3353 995 3428 1592,
