2318 3818
456 239 654 295 trauan.
994 236 1016 297 9
1115 294 1117 298 Α

99 400 234 460 obsidens
252 403 345 479 cepit,
377 402 597 481 antiquissimam
618 400 715 462 ltaliae
735 410 820 480 atque
838 396 1077 463 ditissimamffl·

98 483 167 543 Post
178 502 240 544 eam
251 487 331 562 cepit
345 493 374 548 et
384 484 525 561 Faliscos,
544 501 601 544 nou
616 489 707 544 minus
720 485 845 546 nobilem
861 463 1069 573 civitatemffi'j

99 567 157 626 Sed
169 577 309 628 commota
317 571 394 627 cstei
405 569 519 645 invidia,
531 571 612 646 quasi
624 568 757 646 praedam
766 569 841 629 male
853 569 1009 647 divisisset,
1020 560 1077 642 ffi'q'

99 650 344 728 damnatusqueob
357 669 420 711 eam
432 669 560 713 caussam
568 660 597 711 et
602 652 738 730 expulsus
751 654 864 714 civitate
873 662 927 714 est.
949 654 1011 713 Sta·
1020 668 1078 714 mu.

97 736 147 793 tim
158 732 231 794 ualli
242 734 372 795 Senones
389 735 424 795 ad
436 737 534 795 urbem
548 744 701 812 venerunt,
720 745 749 797 ct
759 739 853 797 victos
868 736 1013 797 Romanos
1021 735 1069 779 ³⁸⁴·

97 816 249 878 undecimo
260 819 379 879 miliario
391 818 506 880 alloma
519 819 594 897 apud
605 819 708 879 ilumen
714 819 816 880 Alliam
827 822 919 881 secuti
931 823 1015 881 etiam

97 901 196 960 urbem
207 913 389 980 occuparunt.
422 902 523 982 Neque
542 902 656 962 defendi
674 903 842 981 quidquam,
862 906 917 965 nisi
930 903 1014 982 Capi-

96 984 213 1062 tolium,
231 989 337 1064 potuit,
371 987 448 1066 quod
464 1005 527 1047 oum
539 986 585 1045 diu
599 986 779 1047 obsedissent
790 997 820 1047 ct
829 991 883 1048 iam
895 987 1013 1048 Romani

96 1067 171 1128 fame
181 1068 352 1147 laborarent,
365 1089 382 1130 a
393 1069 523 1147 Camillo,
535 1071 584 1148 qui
596 1072 624 1130 in
635 1073 727 1130 vicina
744 1073 858 1133 civitate
869 1071 1070 1146 explodaut-⁰2

98 1149 186 1212 Gallis
206 1163 406 1231 superventum
423 1162 467 1213 est
482 1157 710 1232 gravissimeque
720 1156 788 1214 victi
804 1164 877 1218 sunt.
909 1154 1012 1213 Postea
1018 1141 1064 1186 ³⁶⁵·

95 1243 189 1295 tamen
203 1245 324 1314 accepto
339 1239 423 1298 etiam
436 1255 522 1313 auro,
543 1256 580 1298 ne
592 1236 763 1316 Capitolium
776 1238 950 1313 obsiderent,
966 1256 1012 1297 re·
1122 1295 1129 1301 .

96 1329 254 1397 cesserunt,
263 1321 436 1380 sedsecutus
444 1329 497 1381 e'os
506 1319 641 1382 Camillus
652 1324 690 1381 ita
700 1323 813 1400 cecidit,
826 1331 894 1382 utet
904 1339 1011 1397 aarum,

96 1401 173 1479 quod
186 1405 221 1462 iis
233 1403 326 1464 datum
336 1405 439 1479 luerat,
460 1414 489 1464 et
500 1407 607 1479 omnia,
627 1422 701 1482 quae
713 1416 866 1483 ceperant,
883 1405 1024 1464 militaria·

97 1485 177 1562 signa
187 1497 345 1548 revocaret.
368 1487 409 1547 lta
421 1490 506 1546 tertio
518 1487 691 1565 triumphans
702 1488 801 1547 urbem
812 1491 959 1566 ingressus
967 1495 1072 1554 estas.

96 1577 125 1710 pt
133 1569 292 1647 appellatus
306 1570 448 1631 secundus
454 1570 601 1647 Romulus,
616 1573 696 1649 quasi
708 1581 737 1630 et
748 1574 810 1650 ipse
818 1575 925 1651 patriae
936 1587 1003 1631 con·
1017 1577 1065 1624 θῶ.

114 1654 178 1713 itor.

464 1762 674 1775 -——-—-—
709 1755 718 1770 Ν

298 1868 803 1936 lrlellSEdllllllllS.

413 2055 706 2106 Antandrum.

147 2158 171 2210 1.
190 2157 294 2208 'lribuni
311 2159 433 2209 militares
450 2159 576 2208 consulari
596 2164 722 2222 potestate
738 2170 784 2221 pro
803 2157 903 2206 duobus
922 2171 1012 2207 consu·

93 2227 160 2276 libus
178 2236 301 2277 creantur.
329 2227 448 2279 Camillus
457 2227 574 2286 Volscos,
592 2227 695 2289 Aequos
715 2233 740 2274 et
750 2224 873 2286 Sutrinos,
898 2223 924 2276 2.
935 2225 1012 2284 Quin·

93 2297 144 2346 tius
163 2294 323 2346 Cincinnatus
340 2295 517 2348 Praenestinos
536 2295 622 2343 vincit.
658 2291 833 2345 3.1nlocum
855 2293 1012 2343 tribunorum

94 2365 241 2414 militarium
251 2365 377 2414 consulari
386 2372 511 2430 potestate
529 2363 669 2411 succedunt
676 2376 763 2409 rursus
774 2360 900 2410 consules.
928 2357 954 2408 4.
966 2359 1012 2410 Oa·

93 2432 156 2481 milli
171 2447 240 2481 mors
262 2440 287 2480 et
302 2432 367 2481 laus.
404 2432 430 2482 5.
449 2431 576 2480 Gallorum
602 2430 628 2478 in
651 2427 749 2478 Italiam
773 2429 921 2477 irruentium
941 2427 1011 2494 iuga.

93 2499 120 2552 6.
141 2498 237 2552 (lenam
254 2501 345 2550 iterum
361 2499 478 2550 habetur.
506 2498 540 2548 M.
558 2497 676 2547 Valerius
694 2499 721 2546 in
734 2496 858 2563 singulari
877 2497 1012 2546 conamine

94 2568 193 2619 Gallum
204 2570 290 2619 vineit.
317 2565 341 2620 7.
352 2569 450 2619 Bellum
469 2575 554 2618 contra
561 2567 665 2617 Latinos
680 2580 801 2632 prospere
811 2573 920 2632 gestum.
945 2562 972 2616 8.
983 2561 1010 2620 9.

92 2639 187 2688 Variae
205 2637 355 2688 Samnitium
374 2639 469 2698 clades,
487 2636 578 2700 quibus
597 2634 741 2685 diutmuum
761 2634 824 2685 illud
841 2635 935 2685 bellum
952 2635 1011 2684 sub-

92 2707 172 2757 latum
189 2715 236 2760 est.
272 2706 446 2758 luvionis
471 2705 502 2755 de
521 2703 599 2755 Gallis
617 2704 768 2768 illorumque
786 2705 862 2754 sociis
878 2703 967 2752 Tuscis
986 2710 1011 2752 et

93 2775 256 2827 Samnitibus.
286 2773 393 2827 11-14.
411 2774 508 2825 Bellum
524 2773 685 2823 Tarentinum
704 2781 729 2822 et
747 2787 804 2822 cum
820 2770 922 2837 Pyrrho,
940 2770 1011 2836 Epiri

92 2859 164 2909 rege,
177 2844 246 2894 Italis
262 2845 346 2895 multis
366 2845 451 2898 sociis.
483 2840 524 2895 15.
540 2842 698 2891 Ptolemaeus
715 2841 826 2907 Aegypti
843 2854 888 2890 rex
913 2840 936 2889 le
970 2847 1010 2889 tos

93 2913 202 2962 Romam
218 2914 301 2967 mittit.
323 2911 367 2964 16.
388 2912 503 2962 Picentes
520 2912 653 2960 vincuntur
671 2906 713 2960 17.
728 2917 753 2960 et
763 2909 903 2959 Sallentini.
921 2907 935 2958 l
966 2906 1010 2960 28.

94 2980 191 3031 Census
201 2982 303 3031 civium.
329 2981 426 3030 Bellum
436 2980 557 3030 Punicum
567 2980 676 3044 primum
694 2980 800 3043 eiusque
808 2978 923 3028 diversae
931 2979 1009 3028 vices.
1043 3029 1046 3034 ,

159 3065 248 3128 (lar.
266 3062 290 3124 l.
319 3063 405 3124 Anno
426 3066 627 3126 trecentesimo
649 3064 831 3142 sexagesimo
854 3064 952 3141 quinto
974 3061 1010 3121 ab
1070 3091 1073 3095 <

92 3149 165 3210 arbe
176 3149 300 3226 condita,
314 3157 382 3226 post
394 3157 505 3226 captam
519 3158 613 3208 autem
624 3149 730 3226 primo,
755 3147 907 3224 dignitates
922 3151 1010 3204 mua·

13 3230 22 3241 '
92 3242 139 3293 tae
155 3243 235 3310 sunt,
257 3240 287 3292 et
304 3249 358 3310 pro
370 3231 481 3292 duobus
500 3231 664 3292 consulibus
678 3231 746 3291 iacti
756 3230 861 3290 tribuni
873 3227 1007 3287 militares
1018 3245 1077 3293 ao.

94 3318 236 3379 consulari
248 3324 402 3394 potestate.
424 3314 496 3375 ilinc
507 3317 561 3375 iam
570 3313 800 3392 coepitilonaana
806 3331 854 3372 res
863 3327 1006 3371 crescere.
1014 3313 1065 3358 ³¹¹·

94 3399 166 3462 Nam
177 3401 311 3462 Camillus
323 3417 361 3462 eo
371 3416 446 3463 anno
452 3398 625 3459 Volscorum
635 3399 793 3473 civitatem,
813 3410 888 3474 quae
894 3411 947 3472 per
963 3411 1008 3455 se·
