2318 3818
449 224 588 281 ureun
614 225 653 282 ur.
917 188 925 198 ⁵
964 220 1008 287 27
1087 192 1095 209 '

93 387 205 466 proelio
222 388 325 446 nctus.
360 385 464 466 Neque
479 396 573 447 mmen
588 384 724 463 Romani,
747 403 905 464 quanquam
921 405 1007 465 supe·

91 474 155 546 rati,
172 472 233 548 regi
245 472 357 553 petenti
369 487 469 549 paoem
481 468 799 549 praestarerolucrunt‚
813 470 923 530 nisibis
940 488 1006 532 cen·

93 554 267 613 dicionibus:
287 561 321 614 at
333 574 368 616 ss
383 563 412 616 ct
422 573 495 616 soca
505 556 626 616 emeatus*
640 561 670 614 et
683 554 796 631 popolo
810 553 897 615 llom.
911 555 1007 616 clode-

92 647 149 699 ret.
169 636 240 700 mox
250 639 354 696 missus
369 646 467 698 contra
482 656 546 696 eum
557 636 588 696 L.
599 636 737 696 Aemilius
750 635 853 696 Paulus
867 638 968 705 consul
980 645 1075 707 stau,

91 723 119 780 in
135 719 280 799 Illyricum
292 716 325 780 0.
335 720 452 780 Anicius
467 728 688 798 praetercantra
699 718 839 780 (lentium.
860 721 918 781 Sed
930 720 1005 782 Gen·
1018 726 1067 768 ⁸⁸⁴*

90 805 147 863 tius
157 803 243 863 facile
255 821 311 863 uno
323 804 436 882 proelio
447 806 540 864 rictus
554 822 621 863 mox
634 823 667 863 se
684 803 799 864 dedidit.
826 803 925 871 ,blaten
944 808 1005 866 eius

92 896 122 946 et
132 904 205 946 uxor
216 895 246 946 ct
261 886 316 947 duo
328 888 388 965 filii,
406 889 493 948 irater
505 905 621 966 quoque
633 886 716 953 simul
731 889 760 947 in
771 896 941 965 potestatem
947 888 1006 949 Ro·

90 987 235 1031 manorum
245 980 395 1031 venerunt·
424 969 468 1030 lta
478 971 557 1031 bello
571 975 642 1031 intra
652 991 710 1032 xxx
724 970 785 1030 dies
799 971 929 1049 perfecto
942 981 1006 1032 ante

91 1056 236 1131 cognitum
248 1063 294 1113 est
305 1052 434 1115 Gentium
445 1057 560 1131 victum,
581 1073 664 1133 quam
679 1063 812 1132 coeptum
821 1054 929 1137 bellum
938 1074 1007 1115 nun-

90 1140 216 1198 tiaretnr.

157 1221 245 1280 Gan.
259 1218 321 1279 vll.
335 1218 415 1302 (tv.)
442 1220 513 1281 Cum
527 1220 633 1282 Perseo
652 1230 745 1281 autem
755 1222 892 1282 Aemilius
903 1221 1006 1282 Paulus

90 1304 191 1364 consul
204 1326 234 1364 ιιι
249 1304 323 1364 Non.
337 1304 513 1383 Septembris
525 1304 676 1385 dimicavit,
693 1307 819 1382 vicitque
832 1325 896 1365 eum
906 1324 945 1366 xx
955 1308 1005 1364 mi-

90 1387 165 1447 libus
182 1387 308 1465 peditum
324 1389 385 1447 eius
406 1389 523 1446 occisis.
559 1387 709 1464 Equitatus
729 1406 793 1447 cum
808 1406 879 1464 rege
895 1390 1007 1465 integer

90 1472 173 1547 fugit.
203 1470 393 1530 Romanorum
408 1470 541 1529 omilites
556 1472 652 1530 amissi
669 1479 743 1530 sunt.
764 1470 858 1530 Urbes
872 1470 1006 1530 blacedo·
1051 1490 1054 1494 ⁴

89 1555 155 1613 niae
171 1570 288 1630 omnes,
309 1571 379 1630 quas
395 1570 447 1613 rex
463 1562 606 1629 tenuerat,
623 1554 757 1614 Romanis
775 1573 807 1613 sc
829 1553 1006 1614 dediderunt.

89 1636 158 1715 lpse
169 1654 231 1713 rex,
245 1654 308 1695 oum
320 1636 502 1696 desereretur
513 1637 547 1696 ab
563 1639 678 1715 amicis,
700 1640 778 1697 venit
795 1640 823 1698 in
834 1636 911 1697 Pauli
925 1647 1006 1715 pote-

89 1729 199 1781 statem.
224 1720 282 1779 Sed
293 1720 431 1780 bonorem
446 1722 473 1779 ei
484 1720 622 1780 Aemilius
639 1738 697 1780 non
708 1723 789 1798 quasi
805 1723 882 1781 victo
896 1721 1005 1781 babuit.

89 1803 161 1864 Nam
181 1810 210 1863 e't
227 1803 372 1863 volentem
390 1802 425 1862 ad
443 1803 533 1879 pedes
549 1805 603 1863 sibi
621 1803 725 1863 cadere
739 1821 795 1864 non
814 1806 956 1882 permisit,
979 1813 1008 1862 et

89 1889 167 1947 iuxta
185 1903 218 1945 sc
234 1887 263 1945 in
280 1885 351 1945 sella
371 1885 531 1945 collocavit.
564 1885 767 1945 Macedonibus
786 1896 815 1945 et
829 1885 935 1966 Illyriis
952 1888 1022 1969 luae⁸

89 1970 173 2047 leges
188 1969 350 2029 allemanie
367 1968 464 2029 datae:
476 1977 509 2029 at
522 1970 612 2030 liberi
623 1976 724 2031 essent
739 1977 768 2032 et
779 1971 939 2030 dimidiam
955 1988 1006 2032 co·

89 2073 159 2114 rom
174 2054 354 2115 tributorum
365 2059 580 2130 praestarent,
606 2069 687 2130 qaue
699 2055 821 2130 rapidae
830 2056 1005 2131 praestitis-

89 2145 178 2212 sent,
202 2145 233 2196 ut
256 2145 422 2214 appareret,
452 2136 588 2214 populum
607 2137 763 2196 Romanum
777 2154 835 2214 pro
858 2138 1006 2214 acquitate

90 2222 190 2298 magis,
204 2238 286 2300 quam
297 2222 413 2280 avaritia
424 2220 567 2280 dimicare.
583 2221 677 2298 Atque
690 2222 719 2279 in
727 2230 866 2280 conventu
877 2221 1007 2280 finitimo·

88 2323 150 2364 rum
173 2304 343 2382 populorum
365 2303 468 2363 Paulus
498 2304 571 2362 hacc
590 2305 780 2380 pronuntiavit
801 2312 831 2361 et
845 2303 1006 2379 legationes
1057 2320 1060 2327 ·

89 2387 237 2446 multarum
248 2387 384 2463 gentium,
398 2395 472 2464 qnae
488 2384 523 2444 ad
536 2404 600 2445 eum
610 2394 762 2463 venerant,
785 2376 1005 2463 magnificentis-

90 2471 162 2529 sime
178 2471 309 2528 conririo
328 2470 420 2546 pavit,
437 2468 536 2528 dicens
550 2471 686 2530 eiusdem
697 2469 827 2530 tanam
838 2487 905 2531 cccc
917 2470 1006 2531 debe·

89 2573 135 2629 re,
151 2553 1005 2632 etbelloos'accrc‚etconoiois'opporotaelepoatemease.
1053 2576 1054 2580 ¹

152 2637 237 2697 Gan.
252 2634 330 2698 VllL
349 2635 417 2696 Mox
428 2655 484 2696 uxx
496 2637 625 2696 civitates
635 2634 727 2714 Epiri,
740 2653 813 2715 quac
823 2635 1003 2712 rebellarent,

90 2722 183 2797 oepit,
202 2720 335 2798 praedem
351 2719 486 2780 militibus
500 2720 649 2781 distribuit.
680 2719 798 2779 Romam
817 2737 879 2778 cum
895 2721 1003 2795 ingenti

89 2818 195 2882 pompa
210 2804 294 2863 rediit
303 2805 333 2863 in
347 2822 419 2864 nave
433 2803 543 2879 Persei,
558 2821 631 2882 quae
642 2804 790 2863 inusitatae
801 2801 1003 2879 magnitudinis

89 2886 180 2947 luisse
198 2886 331 2962 traditur,
354 2886 427 2947 adeo
447 2895 478 2945 ut
495 2904 545 2948 xvi
560 2887 674 2947 ordines
688 2885 797 2946 dicatur
811 2885 945 2946 habuisse
959 2903 1003 2944 re·

89 2986 208 3032 morum.
245 2968 438 3047 Triumphauit
454 2979 547 3030 autern
567 2969 846 3048 magnificentissime
868 2970 896 3029 in
920 2986 1002 3050 curru
1017 2976 1072 3018 AU-

89 3070 178 3113 aureo
190 3048 255 3113 cunt
265 3052 376 3113 duobus
394 3053 475 3130 liliis,
492 3062 613 3133 utroquo
627 3053 716 3112 latere
735 3050 919 3113 adstantibus.
944 3051 1004 3111 Du·
1018 3044 1065 3087 ⁶⁸⁶·

89 3138 128 3197 cti
143 3145 208 3198 sunt
221 3145 287 3197 ante
305 3154 416 3197 cunum
430 3136 486 3197 duo
502 3139 580 3215 regis
600 3136 649 3198 lilii
669 3138 773 3214 etipse
783 3132 924 3210 Perseus,
947 3151 1005 3195 xcv

88 3239 178 3282 annos
188 3230 279 3282 natus
306 3219 374 3280 Post
388 3239 453 3281 cum
466 3222 550 3280 etiem
564 3217 598 3281 O.
610 3220 728 3281 Anicius
739 3219 775 3280 de
789 3218 894 3299 Illyriis
906 3219 1000 3277 trium·
1012 3228 1068 3269 eu·

88 3300 193 3381 pharit.
218 3302 336 3365 (lentius
349 3305 506 3365 cumfratre
518 3313 548 3365 ct
561 3304 626 3366 liliis
637 3312 702 3365 ante
713 3304 824 3364 cunum
834 3302 935 3361 ductus
947 3309 1001 3360 est.
1019 3294 1065 3338 Μ

90 3385 135 3446 Ad
149 3388 205 3448 hoc
218 3387 415 3467 spectaculum
429 3386 575 3450 multarum
584 3390 711 3466 gentium
723 3404 810 3465 reges
820 3383 1003 3447 bonamva-

474 3646 495 3679 S
