2318 3818
54 197 59 215 ’3
158 236 201 305 ts
512 244 754 341 aoraorrr
818 202 823 210 3

159 404 201 461 lt.
219 410 336 459 Iovianus
345 408 481 474 posthum
489 411 623 474 imperator
635 411 737 469 electus,
755 424 806 459 uno
819 416 893 472 atque
904 409 983 458 altero
995 424 1072 474 prce

155 479 192 528 lio
214 494 229 527 a
249 478 332 527 Persis
349 479 430 528 victus
447 479 585 544 ignobilem
601 495 658 528 cum
672 478 712 528 bis
728 493 818 543 pacem
840 478 908 530 ibcit
942 477 1072 543 illyricum

139 555 200 613 -pet
201 562 245 596 ens
267 547 397 610 repentina
419 555 498 597 morte
521 548 587 608 obit,
611 550 682 598 cuius
700 549 785 597 variae
801 548 932 597 traduntur
949 561 1070 599 caussae.

156 615 259 665 Maioris
283 617 365 680 operis
383 616 414 664 de
436 612 609 666 successorum
627 618 702 667 rebus
720 617 799 682 gestis
818 616 955 682 promissio
972 618 998 666 in
1019 616 1072 667 fine

157 686 304 734 annectitur

219 752 303 812 Car
321 750 343 810 Ι.
367 752 419 811 ΗΙ)
433 753 518 830 igitur
533 752 699 813 abeuntibus
717 754 751 811 ab
769 752 1008 812 administratione
1025 755 1072 812 rei

106 849 133 892 r.
158 836 289 934 publicae
301 834 481 896 Constantius
497 845 526 894 et
538 833 666 897 Galerius
681 836 801 915 Augusti
821 839 907 896 creati
919 844 983 895 sunt
999 835 1071 895 divi·

90 918 144 961 CwN
158 939 264 998 susque
281 921 354 979 inter
371 937 422 979 eos
440 923 479 979 ita
496 919 638 980 Romanus
651 921 744 997 orbis,
765 930 795 980 ut
806 918 932 995 Galliam,
946 919 1069 997 ltaliam,

96 986 140 1031 ³⁰⁶
156 1003 280 1064 Africam
293 1001 471 1063 Constantius
479 1002 665 1082 ,Illyricum
685 1004 798 1080 Asiam,
820 1002 964 1064 Orientem
984 1002 1071 1063 Cale-

156 1090 214 1148 rius
232 1088 388 1163 obtineret,
409 1090 530 1166 sumptis
544 1087 655 1148 duobus
673 1050 852 1149 Caesaribus.
886 1086 1071 1148 Constantius
1095 1131 1097 1137 ·

156 1180 248 1231 tamen
270 1180 418 1230 contentus
434 1170 568 1248 dignitate
590 1172 710 1250 Augusti
732 1171 829 1233 ltaliae
851 1182 936 1250 atque
951 1171 1071 1232 Africae

157 1254 389 1314 administrandae
410 1253 616 1315 solicitudinem
637 1258 797 1332 recusavit,
828 1259 871 1316 vir
887 1258 1020 1334 egregius
1042 1265 1072 1315 et

157 1340 413 1417 praestantissimae
426 1332 577 1414 civilitatis,
591 1341 693 1399 divitiis
705 1301 918 1418 provilrcialium
929 1358 962 1399 ac
975 1341 1071 1416 priva·

156 1432 248 1483 torum
260 1422 385 1499 studens,
400 1424 461 1482 tisci
474 1423 620 1484 commoda
631 1440 687 1484 non
698 1424 846 1484 admodum
857 1424 1007 1498 affectans,
1027 1423 1071 1482 di-

157 1525 294 1587 censque,
307 1509 414 1568 melius
420 1508 565 1587 publicos
579 1528 653 1587 opes
666 1529 687 1568 a
698 1511 832 1587 privatis
844 1509 962 1582 baberi,
975 1524 1072 1584 qoam

155 1593 337 1651 labeonem
351 1592 517 1651 claustrum
532 1595 698 1667 reservari,
712 1591 784 1651 adeo
796 1599 888 1670 autern
904 1590 996 1649 cultus
1007 1607 1072 1650 mo-

157 1673 223 1750 dici,
246 1683 276 1732 ut
287 1673 394 1732 feriatis
406 1674 517 1751 diebus,
536 1677 559 1734 si
572 1694 634 1734 curn
651 1677 747 1735 amicis
761 1673 1003 1732 numerosioribus
1023 1692 1071 1734 es-

156 1767 201 1817 set
218 1757 400 1835 epulandum,
425 1761 596 1836 privatorum
608 1761 634 1818 ei
647 1767 763 1836 argento
776 1759 897 1817 ostiatim
910 1758 1000 1835 petito
1020 1762 1072 1818 tri·

157 1841 240 1902 clinia
253 1840 452 1903 sternerentur.
474 1843 528 1902 Hic
539 1860 595 1903 non
605 1842 689 1903 modo
705 1842 843 1917 amabilis,
856 1840 1004 1910 sedetiam
1016 1859 1071 1901 ve·

155 1926 290 1992 notabilis
314 1925 401 1986 Callis
424 1927 486 2002 fuit,
511 1930 666 2006 praecipue
682 1921 759 2006 quod
774 1925 945 2009 Diocletiani
964 1943 1071 2003 suspe-

156 2019 228 2070 ctam
240 2010 414 2088 prudentiam
435 2009 638 2071 etblaximiani
660 2012 863 2087 sanguinariam
881 2011 1071 2070 temeritatem

104 2112 130 2161 p,
155 2096 273 2171 imperio
287 2096 348 2151 eius
362 2102 517 2156 evaserant,
545 2091 621 2152 Obiit
632 2097 659 2153 in
670 2094 810 2153 Britannia
824 2092 947 2153 Eboraci
962 2094 1071 2172 priuci-

87 2186 143 2229 ⁰·N·
156 2186 237 2254 patus
248 2193 320 2235 anno
331 2178 415 2235 tertio
428 2175 537 2234 decimo
551 2186 636 2253 atque
647 2180 718 2237 inter
728 2176 818 2235 Divos
830 2177 934 2236 relatus
947 2185 1000 2236 est.

96 2255 142 2296 ΙΙΙ·
219 2260 305 2320 Car.
319 2256 355 2321 ΙΙ.
369 2258 562 2336 Galerius,r1r
574 2270 602 2319 et
612 2262 702 2339 probe
713 2269 837 2320 moratus
850 2270 878 2319 et
891 2263 1027 2338 egregius
1040 2263 1071 2322 in

87 2348 136 2458 CN?
155 2363 185 2402 re
197 2344 318 2419 militari,
331 2362 394 2403 curn
404 2342 511 2404 ltaliam
522 2362 637 2424 quoque
650 2349 759 2405 sinente
770 2343 934 2404 Constantio
950 2344 1070 2404 admini-

87 2415 282 2526 3·⁰¹l5·strationi
296 2446 364 2488 suae
381 2432 542 2488 accessisse
554 2432 686 2506 sentiret,
697 2427 844 2490 Caesares
863 2429 934 2489 duos
947 2430 1068 2507 creavit,

96 2485 343 2593 333ΙΙΙ))Ι)))Ι))))),
363 2531 446 2589 quem
458 2511 566 2573 Orienti
578 2514 726 2592 praefecit,
741 2523 769 2573 et
779 2515 932 2589 Severum
955 2528 999 2571 cor
993 2509 1068 2574 Ita

86 2553 120 2665 03
113 2621 142 2662 Ν
123 2582 218 2653 liam
230 2594 316 2654 dedit.
345 2592 432 2672 lpse
423 2614 452 2654 rn
462 2595 576 2671 Illyrico
591 2607 777 2657 commoratus
793 2605 847 2656 est
872 2559 977 2656 Velum
988 2594 1068 2657 Con·

94 2689 141 2732 ³⁰⁶
154 2679 255 2737 stantio
278 2687 389 2738 mortuo
413 2676 624 2758 Constantinus,
653 2699 689 2740 ex
708 2682 865 2741 obscuriori
887 2683 1068 2741 matrimonio

155 2763 216 2822 eius
228 2762 343 2841 iilius,
333 2783 362 2824 ru
378 2763 517 2824 Britannia
531 2775 641 2825 creatus
658 2774 702 2825 est
718 2767 871 2844 imperator
887 2768 939 2824 et
930 2785 959 2824 ru
969 2764 1068 2825 locum

154 2849 241 2927 patris
253 2850 481 2926 exoptatissimus
492 2848 654 2910 moderator
671 2851 801 2911 accessit.
834 2848 942 2909 Rornae
955 2851 1067 2910 interea

154 2933 324 3009 praetoriani
341 2935 463 2992 excitato
482 2933 600 2993 tumultu
615 2932 800 3010 Maxentium,
820 2930 945 2994 Herculii
964 2933 1064 3010 lilium,

99 3035 126 3076 r.
153 3016 201 3093 qui
220 3015 294 3074 baud
313 3016 413 3092 procul
430 3016 464 3076 ab
476 3015 587 3078 urbe'in
601 3018 668 3078 villa
683 3017 796 3096 publica
811 3018 984 3094 morabatur,
1003 3015 1064 3076 Au·

84 3102 143 3146 ⁰·N·
152 3107 264 3177 gustum
278 3110 515 3176 nuncupaverunt.
538 3100 603 3176 Quo
613 3105 709 3162 nuntio
719 3101 900 3163 Maximianus
912 3099 1066 3162 Herculius

91 3152 137 3214 000·
152 3181 189 3245 ad
199 3200 280 3261 spem
294 3191 421 3242 arrectus
431 3184 591 3245 resumendi
602 3186 726 3264 fastigii,
749 3185 824 3264 quod
840 3189 942 3246 invitus
959 3187 1063 3245 amise-

151 3276 205 3343 rat,
216 3267 334 3327 Romam
345 3265 485 3328 advolavit
498 3267 650 3346 ebucania,
665 3289 747 3349 quam
759 3269 857 3330 sedern
865 3272 990 3348 privatus
1002 3267 1064 3328 ele-

151 3361 242 3428 gerat,
260 3353 289 3412 Ι)
300 3354 376 3430 agris
388 3353 592 3413 amoenissimis
605 3353 1063 3430 consenescens,Diocletianum·

34 3446 35 3451 ’
152 3452 210 3513 qao
224 3437 308 3496 aiam
318 3435 475 3514 perlitexas
486 3435 647 3498 adbortatas
658 3447 712 3515 est,
725 3447 756 3499 ut
767 3437 925 3516 depositam
934 3455 1063 3498 resume·
