2318 3818
451 215 585 270 LlBllll¹
610 215 641 271 X.
959 209 999 274 77

94 381 183 439 ricum
204 379 384 438 obtinendum
408 375 554 473 profectus
577 377 741 438 Constantio
761 367 1050 456 Parthicis-bellisp

96 472 244 561 occupato.
275 461 342 534 out
348 461 433 520 rebus
451 461 572 535 cognitis
589 461 623 521 ad
635 463 739 521 bellum
751 462 833 521 civile
846 478 1070 527 conversuscffu

94 549 122 606 in
138 549 237 605 itinere
255 547 324 605 obiit
341 548 413 605 iuter
428 542 555 604 Ciliciam
571 544 837 623 Cappadociamque
858 563 930 605 anno
951 549 1001 605 im·
1012 545 1059 590 ³⁶¹

95 621 165 708 perii
178 639 280 689 octavo
293 639 322 688 et
332 630 489 704 trigesimo,
508 632 606 688 aetatis
621 633 716 707 quinto
729 639 757 687 et
773 629 1000 706 quadragesimo,

93 716 251 790 meruitque
262 714 333 771 inter
347 713 436 771 Divos
454 711 565 787 referri,
582 716 625 771 uir
636 716 772 791 egregiae
783 712 1000 790 tranquillitatis,

94 797 232 874 placidus,
250 799 330 855 nimis
343 798 440 855 amicis
453 804 480 854 et
493 796 674 856 familiaribus
690 796 822 871 eredens,
838 813 904 854 mox
914 799 1002 856 etiam

94 882 229 940 uxoribus
240 881 375 955 deditior,
395 882 442 956 qui
458 890 550 939 tamen
569 883 665 958 primis
684 882 795 959 imperii
807 882 885 940 annis
896 882 1002 958 ingenti

93 984 126 1022 se
143 965 280 1024 modestia
292 966 397 1040 egerit,
417 963 590 1023 familiarium
605 968 692 1025 'etiam
709 965 898 1042 locupletator
907 982 1002 1041 neque

92 1049 246 1107 inhonoros
258 1051 370 1122 sinens,
393 1065 510 1124 quorum
521 1048 663 1116 laboriosa
675 1059 808 1128 expertus
827 1047 928 1107 fuisset
939 1047 1002 1107 ofli-

94 1135 147 1206 cia,
164 1132 198 1191 ad
214 1134 393 1191 severitatem
409 1141 499 1190 tamen
514 1135 696 1209 propensior,
715 1135 739 1192 si
752 1133 878 1210 suspicio
891 1133 1002 1210 imperii

92 1226 262 1291 moveretur,
281 1218 355 1274 mitis
366 1215 445 1289 alias,
465 1225 494 1274 et
505 1218 584 1275 cuius
595 1219 623 1276 in
636 1216 764 1276 ciuilibus
777 1217 866 1292 magis
879 1234 961 1293 quam
973 1218 1002 1275 in

93 1301 215 1358 externis
231 1299 315 1359 bellis
334 1301 370 1358 sit
387 1299 522 1359 laudanda
533 1301 654 1361 fortuna.

155 1382 461 1463 castitatum.)
489 1383 560 1441 Hinc
576 1383 699 1443 lulianus
717 1402 809 1443 rorum
822 1385 929 1461 potitus
945 1391 999 1459 est,
1024 1397 1049 1440 Ρ

92 1469 255 1543 ingentique
267 1464 515 1544 apparatuParthis
530 1465 620 1525 intulit
635 1467 750 1542 bellum,
768 1485 812 1525 cur
805 1426 1000 1543 'expeditioni
1011 1465 1067 1508 Μ·
1093 1522 1095 1526 ,

92 1567 147 1648 ego
161 1566 275 1627 quoque
287 1549 407 1609 interfui
440 1548 557 1648 Aliquot
568 1551 671 1627 oppida
687 1561 716 1610 et
728 1550 843 1610 castella
855 1550 1000 1609 Persarum
1012 1520 1057 1576 333

91 1638 120 1692 in
131 1633 301 1693 deditionem
314 1636 425 1710 accepit
436 1633 521 1691 vel'
494 1653 521 1692 vr
534 1637 716 1711 expugnauit,
732 1635 935 1712 Assyriamque
948 1650 1047 1711 po··

92 1717 202 1794 pulatus
218 1727 308 1776 castra
326 1717 400 1795 apud
414 1716 629 1795 Ctesiphontem
646 1722 746 1778 statiua
764 1718 932 1796 aliquamdiu
951 1719 1000 1777 ba·

90 1802 159 1859 buit.
189 1801 387 1878 Remeansqne
399 1804 500 1875 victor,
515 1800 578 1860 dum
589 1820 620 1859 se
632 1802 815 1861 inconsultius
828 1801 945 1877 proeliis
959 1803 1000 1860 iu·

91 1887 178 1963 serit,
188 1883 374 1944 hostilimanu
391 1884 556 1942 interfectus
570 1895 614 1944 est
628 1906 666 1947 ur.
680 1884 797 1944 Kalend.
809 1884 920 1943 lulias'
912 1902 999 1961 impe·
1022 1902 1049 1944 e..

90 1971 124 2027 rii
136 1945 207 2027 anino
219 1970 357 2044 septimo,
381 1970 479 2027 aetatis
492 1966 579 2027 altero
593 1978 621 2027 et
633 1971 791 2047 trigesimo.
823 1966 917 2045 Atque
929 1971 1022 2079 inter3
1012 1969 1068 2015 ou.

90 2052 179 2111 Divos
193 2052 298 2111 relatus
312 2061 365 2126 est,
384 2054 427 2110 vir
442 2054 575 2128 egregius
588 2062 617 2111 et
627 2072 686 2111 rem
701 2039 1056 2130 publicam·1nsigniter³·

90 2135 300 2211 moderaturus,
321 2137 346 2198 si
359 2125 410 2212 per
420 2135 475 2194 iata
487 2134 625 2195 licuisset.
656 2136 830 2197 liberalibus
842 2135 1000 2212 disciplinis

91 2222 215 2297 apprime
228 2181 363 2294 eruditus,
378 2216 493 2278 Graecis
510 2219 632 2295 doctior,
656 2231 741 2299 atque
753 2220 843 2296 adeo,
861 2229 891 2278 ut
904 2219 1000 2278 Latina
1085 2223 1088 2229 '

92 2305 211 2362 eruditio
229 2321 405 2380 nequaquam
423 2321 486 2361 cum
504 2302 611 2362 Graeca
625 2305 744 2363 scientia
762 2306 941 2377 conveniret,
959 2303 999 2361 fa·

92 2385 191 2445 cundia
204 2389 309 2463 ingenti
322 2396 350 2445 et
360 2396 499 2463 prompta,
512 2389 664 2446 memoriae
677 2389 884 2461 tenacissimae,
898 2388 925 2444 in
939 2388 998 2462 qui·

92 2468 207 2529 busdam
219 2469 391 2547 philosopho
403 2473 529 2548 propior.
551 2469 581 2528 ln
597 2473 703 2529 amicos
719 2469 861 2545 liberalis,
884 2468 935 2528 sed
948 2470 998 2527 mi·
1035 2508 1038 2513 ·

90 2572 142 2612 nus
153 2552 283 2630 diligens,
298 2563 489 2631 quamtantum
501 2554 768 2632 principemdecuit.
790 2553 914 2612 Fuerunt
926 2555 999 2611 euim

90 2636 224 2711 nonnulli,
244 2639 290 2714 qui
303 2638 418 2696 vulnera
429 2638 538 2715 gloriae
551 2641 612 2697 eius
624 2639 767 2697 inferrent.
797 2636 829 2695 ln
841 2638 998 2714 provincia·

89 2720 133 2779 les
148 2723 316 2780 iustissimus
328 2721 537 2797 ettributorum,
551 2723 753 2799 quatenusfreri
762 2730 872 2799 posset,
884 2738 999 2798 repres-

91 2822 148 2862 sor.
173 2804 270 2863 Civilis
283 2807 310 2864 iu
320 2814 455 2878 cunctos,
474 2805 646 2864 mediocrem
658 2805 763 2864 habens
775 2806 874 2863 aerarii
892 2822 996 2879 curam,

90 2887 197 2963 gloriae
209 2886 306 2945 avidus
315 2907 349 2947 ao
361 2906 484 2965 peream
496 2890 576 2947 animi
592 2890 756 2966 plerumque
769 2887 920 2963 immodici,
932 2886 998 2946 reli-

90 2972 183 3048 gionis
197 2968 370 3030 Christianae
393 2973 560 3047 insectator,
583 2972 700 3050 perinde
717 2982 824 3047 tamen,
848 2981 878 3030 ut
896 2989 997 3031 cruore

90 3056 253 3129 abstineret,
266 3052 362 3112 lllarco
374 3053 515 3114 Antonino
529 3073 583 3115 non
596 3056 741 3132 absimilis,
756 3074 840 3133 quem
853 3059 935 3115 etiam
950 3062 1003 3113 ae>

89 3137 186 3197 mulari
200 3136 337 3196 studebat.
396 3199 401 3207 ,

153 3222 203 3280 Ca
216 3242 242 3280 ι».
263 3219 351 3279 xvii.
370 3220 450 3301 (tx.)
484 3221 551 3282 Post
563 3223 635 3281 liuno
647 3221 789 3297 lovianus,
810 3223 857 3300 qui
870 3229 934 3279 tunc
947 3219 996 3279 do·

90 3307 223 3365 mesticus
246 3303 395 3381 militabat,
426 3304 461 3364 ad
483 3307 661 3365 obtinendum
684 3309 830 3385 imperium
853 3321 995 3363 consensu

91 3391 229 3449 exercitus
242 3388 333 3448 lectus
345 3399 398 3465 est,
415 3390 655 3449 commendatione
663 3394 752 3469 patris
764 3408 845 3468 quam
861 3407 912 3447 sua
923 3388 995 3447 mlli-
