2318 3818
189 226 229 291 76
531 231 775 330 EUTRGPll

137 410 163 450 r.
185 396 304 454 tranioni
320 396 481 472 imperium,
501 397 549 473 qui
565 410 640 454 novo
659 396 848 473 inusitatoque
859 414 938 456 more
954 413 1102 456 consensu

119 479 177 521 GN·
187 479 304 538 rnilitum
314 478 458 556 deponere
469 481 580 556 insigne
593 478 755 555 compulsus
772 488 825 538 est.
861 479 968 540 Romae
981 496 1103 558 quoque

128 547 174 591 ³⁵⁰·
187 557 318 623 tumultus
330 562 392 638 luit,
405 561 575 639 Nepotiane,
584 559 758 622 Constantini
773 566 879 623 sororis
891 562 960 639 filio,
974 580 1027 640 per
1037 563 1103 640 gla-

185 647 331 706 diatoriam
342 665 451 705 manum
462 647 610 722 imperium
622 645 780 705 invadente.
802 646 856 720 Qui
867 648 961 706 saevis
971 647 1102 707 exordiis

137 791 139 799 ,
185 730 299 806 dignum
311 733 415 789 exitum
428 738 525 789 nactus
542 739 596 788 est.
633 728 780 806 Vigesimo
799 733 872 790 enim
889 738 1102 808 atque‘ootavo

185 812 232 872 die
242 812 470 894 allagneptianis
481 813 601 872 ducibus
613 829 770 890 oppressus
781 831 888 891 poenas
898 813 984 889 dedit,
999 823 1102 891 caput·

185 916 241 975 que
255 899 316 956 eius
329 896 387 974 pilo
404 914 456 974 per
467 898 564 956 urbam
577 896 769 965 circumlatum
779 908 833 974 est,
852 899 1102 975 gravissimaeque

186 982 410 1058 proscriptiones
426 990 454 1039 et
466 979 601 1039 nobilium
613 980 716 1039 caedas
728 981 848 1040 iuemnt.

133 1089 187 1143 r..
248 1063 412 1124 Gne.Xll.
447 1064 510 1123 Non
521 1063 608 1124 multo
624 1073 689 1140 post
700 1063 878 1141 Magnentius
889 1063 964 1143 apud
974 1062 1102 1124 diursam

117 1157 174 1200 c-N·
188 1148 353 1227 profligatus
370 1150 432 1208 acie
453 1156 498 1206 cst
514 1166 548 1206 ac
570 1163 660 1224 paone
683 1157 791 1225 captus.
824 1146 958 1226 Ingentes
977 1148 1103 1208 Romani
1126 1168 1131 1176 ·

124 1225 169 1268 ³⁶¹·
183 1233 293 1309 imperii
305 1233 380 1293 vires
393 1249 427 1290 ea
439 1230 617 1291 dimicatione
627 1241 809 1308 consumptae
820 1242 895 1308 sunt,
909 1231 944 1292 ad
953 1231 1102 1309 quaelibet

117 1295 165 1407 J„
183 1316 258 1396 halla
270 1324 386 1374 externa
400 1314 533 1390 idoneae,
555 1332 627 1392 quac
638 1314 753 1373 multum
764 1315 966 1392 triumphorum
978 1325 1102 1392 possent

127 1391 172 1474 ³51⁸
183 1401 405 1477 securitatisque
420 1398 561 1457 conferre.
593 1397 699 1457 Orienti
714 1414 780 1457 mox
795 1397 1007 1459 aGonstantino
1025 1398 1102 1459 Gae-

132 1513 159 1554 p,
187 1503 234 1544 sar
249 1493 292 1543 est
308 1483 388 1542 datus
400 1484 490 1559 patrui
506 1481 589 1557 lilius,
610 1481 716 1541 Gallus.
750 1474 985 1559 Magnentiusque
1004 1482 1103 1543 diver·

116 1581 174 1625 cm.
188 1570 228 1627 sis
248 1567 364 1644 proeliis
380 1569 471 1625 victus
490 1568 547 1625 vim
567 1567 641 1625 vitae
656 1584 724 1624 suae
741 1566 815 1643 apud
826 1565 989 1643 Lugdunum
1007 1566 1104 1626 attulit

127 1649 173 1692 ³5³·
187 1652 297 1727 imperii
309 1666 381 1708 anno
398 1652 499 1724 tertio,
523 1668 620 1708 mense
633 1651 771 1725 septimo,
793 1648 880 1708 irater
897 1663 1012 1725 quoque
1038 1652 1104 1710 eius

187 1734 319 1808 Senonis,
333 1728 416 1811 quem
430 1733 466 1792 ad
480 1732 596 1793 tuendas
611 1732 713 1792 Gallias
729 1731 879 1814 Gaesarem
889 1731 1012 1790 miserat.

249 1815 423 1877 canxiii.
451 1815 505 1876 Per
515 1817 586 1876 haec
597 1826 725 1894 tempora
736 1814 1017 1875 etianaconstantio
1029 1817 1105 1878 mul·

133 1925 160 1966 r.
184 1905 220 1962 tis
233 1901 391 1961 incivilihus
403 1903 493 1978 gestis
508 1899 604 1960 Gallus
620 1898 725 1960 Gaesar
738 1901 852 1959 occisus
864 1908 923 1974 est,
946 1900 989 1958 vir
999 1910 1104 1960 natura

118 1986 258 2045 cra-faus
272 1995 299 2046 et
312 1985 346 2044 ad
357 1984 531 2059 tyrannidem
545 1986 669 2060 pronior,
683 1986 707 2042 si
715 1991 766 2042 suo
779 1985 840 2042 iure
849 1985 989 2060 imperare
1001 1981 1104 2044 licuis-

122 2061 169 2103 ³⁵⁴·
182 2079 235 2128 set.
258 2069 387 2127 Silvanus
399 2085 515 2145 quoque
526 2068 555 2124 in
568 2066 657 2138 Gallia
667 2085 714 2124 res
725 2084 813 2126 novas
821 2067 934 2127 molitus
946 2075 1010 2128 ante
1025 2067 1104 2127 diem

124 2129 170 2171 ³⁵⁵·
183 2153 361 2229 trigesimum
379 2154 534 2208 exstinctus
547 2158 606 2224 est,
631 2149 768 2226 solusque
784 2152 902 2226 imperio
914 2149 1046 2209 Romano
1066 2169 1103 2210 eo

188 2245 318 2313 temporo
330 2231 509 2293 Constantius
525 2235 657 2310 princeps
669 2240 697 2292 et
707 2231 851 2309 Augustus
863 2233 924 2293 fuit.

131 2335 158 2378 r.
252 2319 337 2379 Gar.
352 2317 427 2378 le.
452 2317 519 2378 Mox
534 2317 670 2377 lulianum
686 2314 837 2376 Gaesarem
848 2317 884 2377 ad
895 2314 999 2377 Gallias
1010 2317 1102 2395 misit,

115 2405 170 2447 ⁰·N·
188 2403 344 2482 patruelem
355 2422 446 2478 suum,
466 2400 537 2462 Galli
554 2402 684 2478 fratrem,
704 2400 805 2461 tradita
817 2403 844 2461 ei
856 2403 884 2460 in
894 2402 1105 2462 matrimonium

125 2473 171 2516 ³⁵⁵·
186 2503 297 2561 sorore,
318 2505 381 2545 cum
395 2486 480 2545 multa
494 2485 598 2563 oppida
609 2485 719 2545 barbari
733 2493 957 2563 expugnassent,
981 2484 1039 2544 alia
1052 2487 1104 2547 ob·

185 2570 318 2643 siderent,
339 2570 444 2647 ubique
459 2568 544 2638 foeda
555 2571 670 2628 vastitas
683 2578 770 2642 esset,
782 2568 995 2645 Romanumque
1008 2570 1104 2648 impe·

183 2655 254 2713 rium
265 2668 321 2712 non
333 2652 416 2712 dubia
427 2655 482 2711 iam
494 2650 650 2710 calamitate
660 2660 778 2711 nutaret.
808 2651 834 2710 Α
846 2669 903 2730 quo
915 2651 1038 2712 modicis
1053 2671 1103 2715 co·

167 2741 169 2744 ’
184 2739 239 2815 piis
252 2735 326 2813 apud
340 2736 568 2814 Argentoratum,
574 2733 690 2815 ⁸Galliae
702 2735 810 2809 urbem,
827 2737 956 2812 ingentes
967 2735 1102 2798 Alaman-

131 2841 158 2885 Ρ.
184 2823 402 2898 norum-copiae
418 2821 574 2879 exstinctae
590 2827 676 2895 sunt,
703 2837 755 2878 rex
771 2817 963 2878 nobilissimus
984 2830 1102 2899 captus,

114 2904 169 2953 GN·
183 2902 291 2963 Galliae
303 2908 458 2965 restitutae.
471 2902 558 2963 llulta
569 2911 730 2981 posteaper
741 2901 860 2961 eundem
866 2901 1002 2980 lulianum
1014 2922 1102 2982 egre·

99 3007 100 3010 ¹
123 2979 170 3022 ³⁶⁷·
182 2989 229 3066 gie
243 2986 392 3047 adversum
405 2988 540 3049 barbaros
558 2996 640 3064 gesta
652 2995 716 3046 sunt
733 2988 920 3065 summotique
934 2986 1006 3046 ultra
1022 2987 1102 3048 Rhe·

181 3089 247 3132 num
270 3068 399 3131 Germani
422 3080 451 3131 et
471 3072 572 3131 linibus
589 3072 648 3129 suis
670 3068 825 3129 Romanum
846 3072 992 3147 imperium
1014 3075 1103 3132 resti·

181 3165 279 3219 iulum.

244 3240 330 3299 Gna.
341 3237 404 3297 XV.
425 3237 530 3315 Neque
541 3236 627 3296 multo
639 3244 715 3314 post,
728 3254 791 3296 cum
800 3234 1004 3298 Germaniciani
1017 3257 1103 3300 exer·

113 3289 170 3401 0¹}
182 3325 254 3382 citus
266 3341 282 3382 a
296 3321 448 3383 Galliarum
467 3319 608 3397 praesidio
622 3319 801 3396 tollerentur,
824 3337 964 3380 consensu
979 3322 1104 3384 militum

127 3425 174 3470 aco.
186 3404 308 3467 lulianus
321 3405 418 3473 ,iactus
429 3404 574 3482 Augustus
591 3412 653 3480 est,
671 3405 877 3481 interiectoque
892 3419 963 3464 anno
978 3405 1017 3465 ad
1033 3405 1104 3486 llly-
