2318 3818
187 221 228 284 22
533 219 759 277 HUTROPll

186 396 231 448 tes
245 388 273 446 iu
285 384 456 445 deditionem
468 385 595 460 accepit,
611 401 680 444 xxvi
691 384 873 460 expugnavit.
891 380 934 442 lta
946 386 1020 442 omni
1033 384 1109 443 Sici·

187 470 225 531 lia
236 478 363 548 recepta,
382 466 549 528 Macedonia
563 467 666 542 fracta,
691 484 753 526 cum
764 467 871 543 ingenti
883 464 976 544 gloria
986 467 1109 527 Romam

118 547 176 594 ³³¹·
188 570 339 632 regressus
358 559 411 612 est.
442 549 578 610 Hannibal
599 553 627 608 in
641 549 722 610 ltalia
741 547 793 609 Cn.
808 549 939 609 Fulvium
957 551 1107 610 consulem

129 615 175 657 ω’
185 638 279 698 subito
302 653 457 715 aggressus
478 652 540 693 eum
562 642 628 692 ooto
647 633 759 694 milibus
782 633 925 694 hominurn
948 635 1107 694 interfecit.

249 721 334 782 Gar.
354 720 415 780 XV.
434 716 516 798 (lX.)
549 715 661 778 Interea
682 717 718 776 ad
734 717 902 796 Hispanias,
929 718 977 778 ubi
998 719 1108 778 occisis

186 805 296 864 duobus
314 802 497 882 Scipionibus
512 800 604 860 nullus
616 801 760 861 Romanus
783 801 930 878 duxerat,
948 800 978 860 P.
996 799 1107 862 Corne·

119 916 172 961 gu,
185 888 239 948 lius
252 886 350 965 Scipio
362 889 487 961 mittitur,
508 885 581 944 filius
593 884 623 943 P.
637 884 797 963 Scipionis,
818 886 866 962 qui
877 886 983 945 ibidem
997 885 1109 946 bellum

125 984 170 1025 ⁶⁴1·
185 980 330 1051 gesserat,
353 987 441 1031 annos
457 977 538 1028 natus
552 977 672 1047 quatuor
684 970 837 1047 etviginti,
858 970 902 1028 vir
912 968 1107 1030 Romanorum

186 1059 308 1116 omnium
328 1063 356 1115 et
372 1072 422 1114 sua
440 1062 532 1114 aetate
550 1062 578 1112 et
590 1054 743 1130 posteriori
761 1063 891 1131 tempore
907 1053 970 1112 iere
986 1055 1106 1132 primus.

117 1169 174 1211 gu,
185 1139 214 1198 ls
227 1138 425 1216 Carthaginem
436 1136 588 1214 Hispaniae
602 1139 692 1215 capit,
708 1138 804 1215 inqua
818 1154 900 1197 omne
912 1156 1008 1197 aurum
1021 1145 1049 1196 et
1062 1155 1107 1196 ar·

124 1236 170 1278 aaa.
184 1232 300 1301 gentum
321 1230 350 1280 et
370 1221 438 1282 belli
461 1230 625 1298 apparatum
644 1221 706 1279 Afri
728 1220 884 1295 habebant,
910 1220 1109 1280 nobilissimos

186 1324 300 1385 quoque
313 1306 441 1383 obsides,
459 1320 532 1382 quos
548 1303 730 1382 abHispanis
746 1312 926 1381 acceperant.
950 1303 1108 1381 Magonem

186 1393 285 1464 etiam,
311 1389 425 1449 fratrem
443 1387 623 1465 Hannibalis,
646 1387 752 1447 ibidem
770 1387 860 1466 capit,
888 1405 972 1466 quem
982 1387 1109 1447 Romam

185 1492 248 1534 oum
260 1473 323 1533 aliis
338 1476 429 1534 mittit.
453 1473 563 1533 Romae
577 1474 678 1550 ingens
689 1472 795 1533 laetitia
808 1479 875 1550 post
889 1472 964 1531 huuc
978 1473 1108 1531 nuntium

162 1550 166 1555 ’
184 1557 246 1618 fuit.
270 1556 686 1636 ScipioHispanorumobsides
695 1557 857 1634 parentibus
864 1553 994 1616 reddidit.
1007 1553 1108 1628 Quare

187 1659 284 1702 omnes
300 1642 362 1701 iere
374 1639 529 1716 Hispaniae
540 1637 575 1695 ad
588 1656 653 1696 eum
664 1654 720 1696 uno
736 1640 828 1696 animo
840 1640 1019 1696 transierunt.
1033 1636 1108 1697 Post

186 1744 266 1804 quae,
277 1723 495 1795 Hasdrubalem,
520 1718 682 1780 Hannibalis
698 1721 828 1797 fratrem,
848 1722 954 1779 victum
971 1721 1052 1798 fugat
1077 1731 1109 1782 et

185 1809 318 1888 praedam
332 1807 478 1866 maximam
490 1806 577 1882 capit.

127 1908 183 1950 no.
249 1893 335 1952 (ina.
355 1888 431 1950 XVl.
453 1887 565 1948 luterea
584 1889 612 1955 in
630 1886 709 1949 ltalia
722 1888 822 1949 consul
838 1887 874 1962 Q.
890 1887 995 1947 Fabius
1012 1885 1105 1947 blaxi-

127 1974 173 2021 lli·
185 1995 247 2054 mus
258 1974 407 2034 Tarentum
421 1975 547 2049 recepit,
568 1974 596 2032 in
608 1991 662 2050 qua
673 1976 805 2050 ingentes
822 1970 923 2050 cophe
937 1971 1106 2032 Hannibalis

186 2068 272 2119 erant.
306 2055 348 2116 Ibi
370 2058 454 2115 etiam
475 2056 576 2115 ducem
589 2056 752 2116 Hannibalis
768 2054 966 2116 Carthalonem
983 2055 1103 2133 occidit,

184 2159 241 2203 xxv
252 2141 327 2199 milia
345 2141 520 2218 captiuorum
535 2139 671 2217 vendidit,
696 2139 828 2218 praedam
840 2139 974 2200 militibus
991 2139 1105 2218 disper-

184 2227 262 2300 tivit,
286 2226 436 2302 pecuniam
453 2224 596 2283 hominum
615 2224 794 2284 venditorum
812 2224 847 2284 ad
869 2223 968 2284 liscum
994 2223 1103 2284 retulit.

184 2306 254 2368 Tum
275 2309 378 2369 multae
398 2304 527 2369 civitates
544 2309 750 2386 Romanorum,
779 2326 852 2387 quae
869 2306 904 2367 ad
917 2306 1104 2368 Hannibalem

183 2397 361 2471 transierant,
377 2412 475 2453 rursus
488 2411 520 2453 se
531 2392 620 2454 Fabio
633 2391 755 2454 Maximo
772 2391 949 2451 dediderunt.
963 2390 1031 2471 (X.)
1056 2389 1103 2451 ln·

184 2480 399 2555 sequentianno
413 2476 511 2554 Scipio
524 2479 552 2537 in
563 2476 698 2554 Hispania
714 2478 847 2555 egregias
862 2494 909 2535 res
923 2477 993 2553 egit,
1010 2484 1038 2534 et
1050 2493 1105 2553 por

184 2578 216 2620 se
234 2568 262 2619 et
280 2576 333 2637 per
354 2559 468 2620 fratrem
488 2578 569 2619 suum
579 2559 610 2619 L.
627 2560 791 2638 Scipionem
803 2580 859 2620 nna
876 2561 1005 2620 civitates
1019 2575 1103 2618 rece-

183 2645 234 2722 pit.
269 2641 301 2703 ln
318 2641 399 2703 ltalia
421 2652 514 2703 tamen
531 2642 604 2702 male
622 2652 775 2721 pugnaturn
797 2651 849 2704 est.
883 2642 953 2703 Nam
966 2641 1103 2703 Claudius

182 2726 335 2788 blarcellus
353 2728 452 2788 consul
465 2728 499 2788 ab
511 2726 667 2788 Hannibale
680 2729 794 2786 occisus
810 2735 863 2787 est.

247 2813 333 2874 Gan.
344 2810 435 2872 XVll.
457 2811 553 2871 Tertio
566 2829 638 2872 anno
653 2819 731 2890 post,
748 2829 831 2889 quam
842 2812 940 2889 Scipio
952 2809 988 2870 ad
998 2809 1102 2888 Hispa·

183 2895 256 2955 niam
269 2895 416 2973 proiectus
432 2905 492 2972 est,
509 2914 607 2956 rursus
619 2914 667 2955 res
680 2895 800 2957 inclutas
812 2897 896 2973 gerit.
927 2894 1040 2971 Regem
1052 2893 1103 2954 lli·

183 2981 342 3056 spaniarum
358 2996 460 3058 magno
480 2980 591 3057 proelio
614 2981 719 3038 victum
736 2981 765 3039 in
780 2980 929 3040 amicitiam
941 2979 1055 3054 accepit
1072 2987 1103 3038 et

184 3062 290 3141 primus
304 3065 426 3123 omnium
436 3081 453 3124 a
463 3065 541 3123 victo
554 3063 671 3123 obsides
682 3080 739 3123 non
750 3065 894 3141 poposcit.

248 3145 336 3207 (lar.
352 3144 457 3210 Xlllll.
486 3146 651 3225 Desperans
672 3145 809 3210 Hannibal
830 3143 1102 3224 Hispanias‘contra

184 3229 348 3308 Scipionem
371 3230 471 3290 ducem
494 3230 597 3292 diutius
619 3245 707 3309 posse
728 3233 860 3307 retineri,
883 3231 997 3290 fratrem
1018 3246 1102 3290 sutum

113 3349 171 3392 ω,
183 3311 386 3376 Hasdrubalem
402 3317 430 3374 in
443 3313 552 3394 ltaliam
567 3333 631 3375 cum
643 3316 773 3376 omnibus
788 3315 881 3393 copiis
894 3313 1035 3374 evocavit.
1052 3365 1056 3374 r
1071 3310 1103 3373 ls

123 3416 169 3459 osa.
181 3400 299 3459 veniens
312 3398 414 3460 eodem
425 3399 537 3477 itinere,
550 3416 606 3478 quo
619 3400 704 3460 etiam
714 3395 852 3461 Hannibal
861 3406 990 3476 venant,
1002 3415 1020 3458 a
1031 3413 1102 3458 con·
