2318 3818
154 211 195 274 38
401 224 404 230 '
512 213 746 271 uuuuorlt

87 373 141 415 Ν·
215 379 240 438 C
248 398 301 438 nr.
313 376 362 436 vl.
375 371 442 458 (V.)
462 377 543 437 Auno
555 376 633 436 urbis
646 376 776 437 conditae
788 394 924 436 ucuxuvr.
948 373 980 434 L.
995 373 1072 436 Lici·

94 439 139 482 ⁰⁷⁸¹
156 465 203 523 nio
214 460 331 521 Lucullo
349 470 378 520 et
389 460 428 520 M.
439 460 557 520 Aurelio
576 459 659 520 Cotta
680 478 757 520 coss.
778 468 905 519 mortuus
923 467 968 517 est
981 458 1072 519 Nico·

156 546 270 617 medes,
293 562 345 605 rex
356 543 518 621 Bithyniae,
541 553 569 603 et
585 561 638 621 per
648 553 844 603 testamentum
860 541 998 620 populum
1010 542 1072 603 uo-

155 646 264 689 manum
283 627 507 688 lecithcrsdem.
540 626 715 687 Mithridates
727 645 799 705 pace
816 635 898 704 rupta
910 624 1073 702 Bithyniam

156 721 184 770 et
193 710 288 770 Asiam
301 729 397 771 rursus
408 711 499 770 voluit
509 710 652 771 invadere.
675 711 819 770 Adversus
832 728 896 769 eum
906 711 988 769 ambo
1001 727 1072 769 con-

156 794 235 854 sules
246 797 326 854 missi
340 797 444 855 variam
455 794 580 854 habuere
594 795 741 854 fortunam.
764 794 847 854 Cotta
858 792 934 871 apud
947 792 1072 853 Chalce-

156 878 259 938 donem
269 881 361 938 victus
377 879 411 938 ab
427 896 462 938 eo
478 879 551 953 acie,
569 880 653 944 etiam
664 883 734 939 intra
748 879 884 956 oppidum
896 886 1013 937 coactus
1025 887 1073 937 est

155 971 185 1023 et
203 963 351 1023 obsessus.
375 962 433 1021 Sed
446 980 509 1021 curn
520 979 552 1020 se
562 961 628 1021 inda
639 961 815 1021 Mithridates
828 959 962 1040 Cyzicum
977 969 1072 1020 traus-

154 1046 277 1122 tulisset,
299 1054 329 1105 ut
341 1042 449 1122 Cynico
465 1054 548 1123 capta
558 1054 644 1104 totam
655 1044 752 1105 Asiam
762 1044 918 1123 invaderet,
932 1042 1071 1104 Lucullus

155 1132 181 1188 cl
192 1129 262 1189 alter
277 1130 377 1189 consul
389 1132 522 1189 occurrit.
560 1129 603 1188 Ac
616 1129 680 1189 dum
691 1128 866 1188 Mithridates
877 1129 906 1187 iu
918 1127 1072 1188 obsidione

154 1210 252 1288 Cyzici
272 1223 473 1289 commoratur,
496 1215 560 1290 ipse
576 1232 639 1273 eum
655 1231 671 1272 a
686 1222 769 1290 tergo
781 1213 911 1288 obsedit,
934 1213 1071 1291 fameque

154 1299 338 1375 consumpsit,
356 1306 384 1356 et
396 1297 489 1356 multis
506 1297 624 1374 proeliis
635 1299 714 1373 vicit,
732 1305 877 1375 postremo
890 1295 1070 1372 Byzantium,

154 1399 227 1459 quac
245 1399 318 1440 nunc
331 1379 594 1458 Constantinopolis
612 1389 666 1457 cst,
687 1382 805 1459 fugavit.
835 1380 934 1440 Navali
952 1395 1072 1459 quoque

154 1464 264 1542 proelio
283 1464 370 1523 duces
388 1466 450 1524 eius
467 1463 600 1524 Lucullus
618 1468 773 1543 oppressit.
802 1463 843 1524 lta‘
862 1482 916 1524 una
933 1465 1026 1522 hieme
1039 1469 1072 1521 et

38 1598 40 1602 .
153 1556 260 1607 aestate
277 1567 293 1607 a
309 1547 427 1607 Lucullo
445 1558 556 1607 centurn
570 1549 632 1608 iero
652 1548 728 1608 milia
739 1550 818 1624 regis
835 1550 973 1607 exstincta
991 1553 1070 1604 sunt.

84 1662 138 1705 gu,
215 1630 298 1690 Cur.
310 1629 372 1689 Vll.
387 1630 467 1711 (Vl.)
489 1631 661 1691 Annourbis
676 1630 785 1689 Romae
798 1649 957 1689 uouxuvrrr.
970 1628 1070 1688 Mace·

92 1729 137 1772 cao.
152 1712 263 1773 doniam
279 1715 453 1792 provinciam
465 1714 503 1774 M.
521 1712 643 1772 Licinius
660 1711 793 1771 Lucullus
810 1714 939 1789 accepit,
963 1727 1071 1771 conso-

151 1797 250 1856 brinus·
268 1797 391 1874 Luculli,
419 1800 467 1876 qui
488 1803 584 1854 contra
604 1794 781 1855 Mithridaten
808 1795 914 1855 bellum
936 1794 1072 1872 gerebat.

84 1901 138 1944 nu.
150 1880 186 1940 Bt
200 1883 229 1940 in
242 1879 321 1942 ltalia
331 1900 435 1942 novum
446 1878 551 1939 bellum
562 1879 656 1939 subito
674 1889 845 1940 commotum
860 1888 913 1938 est.
945 1878 1070 1955 Septua-

92 1969 137 2014 679·
150 1968 229 2042 ginta
248 1968 321 2025 enim
338 1974 457 2043 quatuor
475 1962 648 2040 gladiatores
666 1964 785 2024 ducibus
803 1963 959 2041 Spartaco,
978 1959 1070 2021 Crixo

151 2058 180 2107 et
192 2048 347 2122 Oenomao,
361 2049 477 2106 effracto
491 2044 607 2124 Capuae
619 2047 697 2123 ludo,
715 2048 884 2126 effugerunt,
903 2055 930 2108 et
945 2063 996 2123 per
1010 2042 1069 2105 lta·

150 2131 216 2189 liam
227 2139 363 2207 vagantes
375 2147 466 2207 paene
477 2145 534 2189 non
545 2129 636 2189 levius
648 2131 753 2191 bellum
767 2134 796 2190 in
810 2150 854 2206 ea,
869 2148 951 2208 quam
962 2128 1068 2188 Manui·

82 2242 136 2283 nu,
150 2212 196 2272 bal
207 2221 344 2288 moverat,
366 2223 543 2290 paraverunt.
576 2212 646 2274 Nam
664 2215 759 2274 multis
776 2213 895 2272 ducibus
914 2223 942 2273 et
954 2212 1069 2272 duobus

88 2309 133 2352 cao.
152 2296 234 2357 simul
246 2295 433 2357 Romanorum
446 2297 609 2358 consulibus
621 2300 705 2358 victis
721 2298 867 2376 sexaginta
883 2297 943 2356 lere
960 2295 1069 2356 milium

150 2392 316 2442 armatorum
338 2383 492 2442 exercitum
515 2391 775 2460 congregaverunt,
799 2383 924 2458 victique
946 2388 1010 2439 sunt
1037 2381 1069 2440 iu

81 2477 137 2518 nu.
149 2463 252 2543 Apulia
265 2484 281 2524 a
292 2464 331 2524 M.
342 2464 451 2525 Licinio
464 2465 567 2526 Crasso
580 2465 763 2545 proconsule,
781 2474 810 2525 et
825 2474 891 2543 post
901 2463 1003 2523 multas
1019 2480 1067 2522 ca-

92 2545 138 2586 ⁶⁸¹r
149 2546 287 2607 lamitates
300 2546 398 2607 ltaliae
409 2550 492 2607 tertio
508 2561 580 2608 anno
594 2549 671 2609 bello
686 2549 751 2609 huic
763 2550 826 2609 finis
843 2549 993 2626 impositus
1010 2554 1067 2605 est.

87 2650 141 2690 no.
219 2629 307 2690 Cau.
324 2629 399 2690 Vlll.
419 2630 512 2712 (Vll.)
541 2631 756 2692 sexcentesimo
776 2634 955 2710 octogesimo
973 2631 1067 2707 primo

91 2717 136 2759 ⁶⁸¹·
151 2714 228 2774 urbis
243 2713 375 2775 conditae
393 2730 482 2790 anno,
506 2713 537 2773 P.
551 2713 685 2776 Cornelio
703 2715 822 2775 Lentulo
841 2724 869 2775 et
888 2714 939 2774 Cn.
951 2712 1067 2773 Aufidio

150 2797 252 2858 Oreste
270 2816 347 2858 coss.
366 2797 422 2857 duo
438 2807 542 2859 tantum
560 2802 661 2878 gravia·
671 2800 747 2859 bella
763 2802 790 2860 in
804 2801 923 2876 imperio
936 2798 1068 2859 Romano

149 2891 238 2957 erant,
251 2881 468 2942 Mithridaticum
485 2891 513 2942 et
527 2882 755 2944 Macedonicum.
791 2883 870 2943 llaec
884 2882 939 2942 duo
954 2879 1068 2940 Luculli

148 2965 280 3041 agebant,
293 2964 324 3025 L.
336 2964 468 3025 Lucullus
480 2976 509 3025 et
519 2965 557 3026 M.
568 2966 712 3026 Lucullus.
724 2965 755 3026 L.
769 2984 839 3044 ergo
851 2964 983 3027 Lucullus
998 2974 1069 3042 post

149 3066 271 3126 pugnam
283 3047 465 3126 Cyzicenam,
479 3069 534 3128 qua
545 3053 653 3111 vicerat
668 3049 858 3126 Mithridaten,
883 3059 912 3109 et
922 3047 1066 3126 navalem,

150 3150 204 3210 qua
216 3131 304 3191 duces
317 3134 379 3191 eius
391 3143 592 3211 oppresserat,
606 3142 776 3212 persecutus
789 3142 833 3194 est
848 3152 922 3209 eum,
941 3141 969 3192 et
982 3149 1066 3190 rece·

149 3224 196 3293 pta
207 3214 399 3294 Paphlagonia
410 3225 496 3296 atque
507 3217 636 3293 Bithynia
649 3220 732 3279 etiam
743 3235 862 3295 regnum
874 3219 936 3276 eius
948 3217 1065 3291 inuasit,

149 3299 275 3377 Sinopen
296 3309 325 3360 ct
338 3298 473 3377 Aroiscn,
500 3303 629 3361 civitates
645 3300 727 3362 Ponti
746 3301 954 3376 nobilissimas,
976 3300 1067 3376 cepit.

148 3383 280 3443 Secundo
294 3382 406 3462 proelio
421 3383 496 3462 apud
508 3382 608 3445 Cabira
620 3387 774 3462 civitatem,
795 3401 853 3464 quc
865 3386 998 3461 ingentes
1014 3399 1066 3442 co·
