2318 3818
155 177 198 240 66
512 175 755 233 EUTROPll

49 375 51 380 ·
154 349 182 407 in
194 343 285 406 Gallia
297 327 439 403 Tetricum
450 338 524 417 apud
539 337 707 400 Catalaunos
723 336 907 416 ipsol'etricc
923 335 1064 415 prodente

153 431 306 490 exercitum
318 443 424 499 suunn,¹
439 425 518 483 ouius
530 422 658 483 assiduas
675 421 830 483 seditiones
844 420 919 480 lene
934 437 991 481 nou
1011 439 1063 498 po-

151 522 232 574 terat.
266 510 341 584 Quin
352 510 436 568 etiam
447 525 499 586 per
509 507 605 567 literas
618 506 743 567 occultas
755 505 935 566 Aurelianum
952 507 991 564 ita
1001 505 1063 566 iue-

151 605 194 658 rat
215 595 398 672 deprecatus‚
425 600 455 660 ut
477 593 549 650 inter
570 591 625 651 alia
643 608 728 651 versu
748 589 903 668 Virgilianc
922 597 1063 651 uteretur:

153 678 250 758 Eripe
263 698 310 739 me
324 678 371 738 lu’s
382 677 493 737 e'urdcte
504 677 603 736 melis.
627 675 780 735 Zenobiam
791 675 916 753 quoque,
931 691 1064 751 quaeoc·

101 788 129 831 n.
154 765 215 824 oiso
236 761 383 822 Odenathc
403 761 501 820 mamto
519 757 662 820 Orientem
682 758 810 834 tenebat,
831 756 905 817 haud
920 756 1008 834 longe
1028 758 1063 818 ab

81 856 142 902 cm.
152 847 303 908 Antiochia
316 847 382 927 sine
397 845 476 922 gravi
492 842 604 920 proelio
624 844 711 921 cepit,
729 845 932 920 ingressusque
944 840 1065 902 Romam

91 924 138 968 ²⁷³³
152 930 275 992 nobilem
291 929 459 1006 triumphum
471 928 551 1006 quasi
562 938 696 1005 receptor
706 925 829 986 Orientis
841 923 1065 1004 Occidentisque

153 1017 213 1094 egit
227 1032 337 1074 currum
350 1011 585 1090 praecedentibus
596 1010 710 1071 Tetrico
723 1019 751 1070 et
762 1009 897 1070 Zenobia.
934 1008 989 1082 Qui
1001 1011 1064 1088 qui·

20 1164 26 1171 ,
153 1099 217 1159 dem
233 1097 362 1157 Tetricus
379 1104 525 1156 corrector
541 1093 679 1155 Lucaniae
696 1103 797 1172 postea
813 1094 865 1153 luit
886 1111 920 1153 ac
938 1095 1064 1171 privatus

92 1182 95 1187 ’
153 1182 309 1243 diutissime
319 1181 405 1248 vixit;
428 1178 554 1239 Zenobia
569 1187 661 1238 autem
674 1187 818 1256 posteros,
840 1179 887 1257 qui
899 1176 991 1237 adhuc
1005 1196 1064 1238 ma·

151 1262 481 1341 nontllomaereliquit.
766 1260 768 1266 '

215 1348 300 1409 Cnr.
318 1344 394 1407 XIV.
422 1345 485 1405 lloc
505 1347 661 1423 imperante
679 1347 763 1405 ctiam
782 1347 929 1406 monetarii
944 1345 971 1404 in
990 1344 1063 1404 urbe

87 1469 91 1480 ι
152 1431 360 1492 rebeDavemnt
371 1432 474 1490 vitiatis
489 1431 617 1507 pecuniis
635 1438 663 1489 et
683 1429 863 1490 Felicissimo
877 1427 1005 1490 rationali
1021 1431 1063 1488 in-

153 1516 284 1575 teriecto.
312 1514 391 1588 Quos
402 1513 569 1573 Aurelianus
583 1515 676 1574 victos
694 1513 788 1574 ultima
804 1513 968 1574 crudelitate
985 1529 1063 1572 com·

154 1601 275 1677 pescuit.
296 1597 433 1657 Plurimos
444 1597 555 1657 nobiles
563 1600 656 1675 capite
667 1597 814 1660 damnavit.
837 1597 946 1657 Saevus
959 1606 1062 1656 etsen-

153 1684 313 1760 grinarius,
335 1699 369 1740 ac
389 1684 568 1742 necessarius
584 1682 674 1758 magis
691 1683 719 1740 in
734 1679 913 1759 quibusdam,
935 1697 1021 1757 quam
1036 1683 1064 1742 in

153 1765 211 1826 ullo
225 1765 350 1848 amabilis
361 1767 522 1844 imperator.
545 1765 621 1825 Trux
631 1758 854 1842 omnitempore,
863 1763 1002 1828 otiamfilii
1015 1782 1062 1825 so·

152 1852 225 1914 roris
238 1850 413 1928 interlector,
425 1849 592 1928 disciplinae
603 1859 696 1910 tamen
707 1848 833 1910 militaris
847 1856 877 1908 et
886 1865 994 1910 morum
1005 1849 1062 1908 dis·

152 1935 306 1995 solutorum
322 1953 469 2013 magnaeus
484 1942 562 2012 parte
575 1943 728 1994 comeotor.

160 2077 161 2080 ,
215 2019 299 2079 Car.
313 2017 375 2077 XV.
409 2018 515 2079 Urbem
531 2017 648 2081 Romam
669 2019 756 2079 muris
776 2016 943 2076 firmioribus
963 2017 1060 2076 cinxit.

151 2101 297 2179 Templum
304 2100 364 2160 Soli
376 2101 544 2178 aedificavit,
554 2104 650 2181 inquo
661 2103 796 2162 inlinitum
807 2103 865 2161 auri
876 2118 1060 2178 gemmarum·

152 2203 207 2263 quc
220 2186 374 2244 constituit.
406 2182 581 2245 Provinciam
597 2187 728 2262 Daciam,
748 2204 831 2263 quam
843 2182 976 2244 Traianus
988 2183 1061 2244 ultra
1088 2226 1096 2235 .

108 2334 115 2340 ,
150 2269 307 2329 Danubium
318 2268 436 2346 lecerat,
451 2271 600 2330 intermisit
609 2278 719 2330 vastato
731 2271 806 2329 omni
817 2267 931 2345 illyrico
944 2267 1059 2328 etbloe-

150 2356 193 2414 sia
209 2353 362 2432 desperans
380 2372 442 2414 eam
461 2372 548 2432 posse
559 2355 685 2430 retineri,
705 2352 899 2432 abductosque
914 2352 1062 2413 Romanos

151 2457 187 2498 ex
200 2439 315 2498 urbibus
329 2446 358 2497 et
373 2441 448 2516 agris
459 2439 567 2498 Daciae
579 2440 607 2498 in
618 2437 709 2499 media
720 2437 831 2498 Moesia
846 2436 998 2497 collocavit
1009 2454 1058 2514 ap·

149 2521 321 2600 pellavitque
337 2539 398 2579 eam
409 2521 542 2598 Daciam,
566 2540 639 2598 quae
651 2539 725 2581 nunc
741 2523 809 2589 duas
819 2520 943 2582 Moesias
959 2520 1060 2580 dividit

150 2613 178 2662 et
190 2613 233 2663 est
244 2605 272 2663 in
286 2602 383 2662 dextra
393 2603 523 2663 Danubio
539 2607 567 2663 in
576 2623 652 2664 mare
664 2604 774 2681 liuenti,
796 2624 859 2664 cum
876 2615 957 2665 antea
972 2604 1058 2664 luerit

70 2708 72 2711 ¹
148 2688 176 2746 in
187 2686 275 2747 loeva.
305 2685 450 2746 Occiditur
460 2689 535 2751 servi
550 2689 594 2747 sui
608 2686 718 2763 fraude,
732 2691 780 2767 qui
791 2689 826 2748 ad
838 2690 973 2767 quosdam
983 2687 1056 2746 mili-

148 2780 224 2831 tares
240 2774 329 2848 viros,
347 2774 454 2831 amicos
465 2773 565 2850 ipsius,
583 2773 695 2832 nomina
706 2771 819 2849 pertulit
837 2781 966 2833 annotata
980 2768 1055 2830 lalso

147 2872 257 2916 manum
273 2858 334 2916 eius
353 2857 491 2932 imitatus,
514 2864 654 2937 tauquam
664 2855 832 2917 Aurelianus
848 2858 928 2935 ipsos
945 2863 1058 2935 pararet

148 2937 291 2998 occidere.
326 2937 426 3019 ltaque
446 2949 475 3000 ut
488 2943 710 3018 praeveniretur,
729 2940 764 3001 ab
778 2940 879 3000 iisdem
890 2939 1055 3001 interiectus

148 3029 193 3082 est
205 3023 233 3081 in
247 3023 354 3082 itineris
365 3024 476 3101 medio,
499 3024 576 3103 quod
592 3026 664 3084 inter
675 3023 937 3103 Constantinopolin
953 3031 981 3083 et
997 3020 1055 3082 He·

146 3105 269 3167 racleam
281 3114 325 3165 est
337 3115 438 3168 stratae
448 3109 565 3169 veteris.
598 3106 690 3168 Locus
704 3107 943 3188 Caenophrurium
954 3106 1054 3186 appel·

145 3188 226 3250 latur.
241 3189 319 3250 Mors
330 3198 422 3250 tamen
434 3194 495 3252 eius
506 3191 592 3252 inulta
601 3209 659 3252 non
669 3193 729 3258 luit.
744 3192 847 3254 illeruit
857 3211 972 3273 quoque
982 3194 1055 3253 inter

145 3271 236 3335 Divos
247 3273 357 3335 referri.
384 3271 535 3353 Imperavit
549 3292 635 3335 anuos
649 3280 785 3357 quinque,
796 3295 909 3338 menses
925 3298 964 3338 vr.

208 3357 291 3423 Car.
302 3356 453 3440 XVMX.)
469 3358 582 3421 Tacitus
595 3370 660 3439 post
670 3362 743 3422 hunc
755 3363 882 3440 suscepit
892 3361 1050 3444 imperium,
