2318 3818
452 238 590 337 trouu
618 241 648 296 X.
962 234 1002 299 75

20 401 24 414 “
93 405 204 468 mediae
215 403 320 464 invilla
331 403 444 482 publica
456 403 536 464 obiit.
564 404 733 463 Denuntiata
743 421 819 463 mors
839 403 902 461 eius
920 404 1004 462 etiam

14 498 16 500 ’
94 508 146 569 per
158 491 283 554 crinitam
289 488 409 564 stellam,
422 506 496 567 quae
507 490 655 548 inusitatae
665 487 863 564 magnitudinis
870 486 1004 565 aliquam-

94 574 140 634 diu
152 573 244 641 lulsit;
267 590 331 632 eam
340 569 442 632 Graeci
453 564 600 651 κομήτην
615 579 728 631 vocant.
756 569 851 650 Atque
866 563 1004 632 iuter'Di·

92 676 146 719 vos
161 659 261 717 meruit
273 656 383 716 referri.
782 730 785 736 A
1085 691 1099 710 μ

52 809 54 813 .
117 728 121 742 “
158 738 387 819 cln.1x.(v.)
413 739 692 798 Successoresiilios
704 748 762 798 tres
773 738 898 817 reliquit,
919 748 1005 819 atque
1030 749 1056 790 Ρ.
1136 795 1137 799 ,

93 843 177 884 unum
189 825 281 884 fratris
294 823 388 883 lilium.
411 823 514 882 Verum
520 822 673 882 Dalmatius
684 821 1004 900 Gaesar‚prosperrima
1017 817 1075 862 Μ·

93 907 189 968 indole
205 927 298 985 neque
316 916 415 985 patruo
430 906 577 982 absimilis,
604 907 678 966 haud
693 907 780 967 multo
798 916 864 985 post
883 923 1003 984 oppres·
1016 887 1062 929 ³³⁸·

94 1011 142 1052 sus
155 1001 199 1051 est
207 992 333 1051 factione
342 990 451 1050 militari
463 989 673 1067 etConstautio,
687 990 813 1069 patruele
822 1008 884 1067 suo,
895 994 1003 1050 sinente

94 1072 189 1154 potius
210 1093 292 1153 quam
311 1074 435 1135 iubente.
468 1073 679 1135 Constantinum
699 1075 883 1154 porro‘iratri
899 1074 1004 1134 bellum
1028 1095 1055 1137 Ρ.

93 1160 268 1219 inferentem
284 1167 313 1217 et
329 1158 403 1236 apud
419 1158 578 1238 Aquileiam
596 1159 782 1219 inconsultius
798 1159 937 1237 proelium
954 1177 1003 1236 ag·
1016 1164 1071 1207 cJi·

94 1261 224 1322 gressum
237 1241 397 1301 Constantis
416 1242 503 1303 duces
522 1245 731 1303 interemerunt.
766 1242 808 1303 lta
829 1263 876 1302 res
892 1243 1005 1321 publica
1016 1233 1062 1275 ³⁴⁶·

93 1326 129 1387 ad
140 1327 211 1386 duos
222 1326 368 1403 Augustos
380 1326 504 1387 redacta.
524 1325 686 1388 Constantis
698 1329 844 1404 imperium
863 1338 1013 1386 strenuum-

93 1410 263 1488 aliquamdiu
283 1419 311 1468 et
327 1412 430 1468 iustum
442 1410 504 1468 init.
533 1409 601 1468 Mox
618 1428 680 1469 cum
693 1419 721 1469 et
732 1410 891 1470 valetudine
901 1412 1006 1489 impro-

95 1512 179 1571 spera
192 1503 221 1552 et
232 1494 329 1552 amicis
342 1494 518 1570 pravioribus
531 1502 671 1570 uteretur,
691 1494 727 1553 ad
746 1496 842 1569 gravia
858 1497 925 1552 vitia
939 1511 1006 1553 con·

91 1580 206 1652 semus,
221 1594 284 1634 cum
295 1575 480 1636 intolerabilis
493 1577 723 1655 provincialibus,
735 1577 868 1637 militibus
880 1580 1006 1637 iniucun·
1031 1614 1060 1659 p,

95 1661 147 1721 dus
166 1669 262 1733 esset,
284 1660 408 1720 factione
431 1660 583 1738 lllagnentii
604 1664 719 1721 occisus
745 1670 798 1721 est.
837 1661 914 1722 Obiit
933 1660 1074 1727 handen.

94 1746 181 1822 longe
193 1746 228 1804 ab
239 1741 381 1822 Hispaniis
396 1747 425 1808 in
438 1754 541 1821 castro,
557 1748 603 1804 'cui
615 1744 742 1805 Helenae
754 1763 855 1805 nomen
867 1754 921 1822 est,
934 1762 1006 1805 anno
1018 1752 1064 1796 ³⁵⁰·

95 1829 207 1904 imperii
221 1827 332 1886 decimo
347 1829 483 1904 septimo,
508 1831 606 1887 aetatis
622 1831 787 1906 trigesimo,
810 1831 895 1889 rebus
914 1839 1007 1889 tamen

96 1912 222 1989 plurimis
236 1919 349 1970 strenue
366 1912 394 1969 in
409 1911 507 1970 militia
518 1915 625 1988 gestis,
643 1914 837 1990 exercituique
852 1930 904 1991 per
923 1929 1006 1971 omne

95 1998 170 2055 vitae
182 2004 293 2072 tempus
308 1996 369 2053 sine
380 1994 459 2072 gr'avi
472 1995 637 2055 crudelitate
653 1996 798 2055 terribilis.
906 2002 908 2007 ’

160 2079 244 2138 Cau.
256 2077 293 2138 X.
305 2076 387 2158 (Vl.)
406 2078 526 2139 Diversa
538 2077 695 2140 Constantii
706 2080 817 2139 fortuna
828 2080 890 2139 fuit.
904 2078 1005 2142 dl'er·

96 2166 136 2222 sis
155 2165 228 2222 enim
239 2162 332 2227 multa,
342 2170 371 2222 et
382 2165 477 2240 gravia
490 2182 655 2241 perpessus,
677 2181 764 2241 saepe
777 2166 866 2241 captis
879 2163 1004 2243 oppidis,

96 2248 224 2307 obsessis
237 2247 363 2322 urbibus,
389 2249 481 2306 caesis
494 2249 676 2323 exercitibus,
694 2246 856 2324 nullumque
869 2250 896 2305 ei
909 2257 1005 2308 contra
1029 2258 1056 2303 P.

62 2323 72 2356 ⁸
96 2333 234 2408 Saporem
245 2347 414 2407 prosperum
426 2330 565 2408 proelium
579 2330 641 2405 luit,
664 2332 718 2388 nisi
730 2330 806 2406 quod
820 2331 894 2408 apud
906 2332 1006 2407 Singa·
1017 2327 1074 2370 Μ·

95 2412 237 2474 rambaud
250 2414 360 2473 dubiam
369 2412 515 2483 victoriam
525 2412 632 2473 ferocia
643 2413 759 2472 militum
770 2416 876 2490 amisit,
895 2416 942 2492 qui
954 2431 1005 2492 pu·
1016 2395 1063 2438 ³⁴⁸

95 2515 179 2576 guam
200 2496 337 2561 seditiose
354 2505 383 2555 et
398 2497 501 2557 stolide
519 2505 615 2556 contra
631 2498 769 2557 rationem
790 2497 857 2556 belli
883 2497 929 2558 die
950 2499 1005 2558 iam
1030 2535 1057 2576 p,

96 2583 243 2660 praecipiti
255 2590 459 2658 poposcerunt.
480 2580 548 2640 Post
559 2580 721 2643 Constantis
732 2599 832 2641 necem
842 2580 1005 2660 Magnentio
1018 2602 1074 2648 om.

95 2664 212 2740 ltaliam,
230 2664 364 2741 Africam,
381 2663 484 2726 Gallias
496 2666 639 2726 obtinente
650 2668 733 2724 etiam
743 2663 885 2741 Illyricum
896 2684 944 2724 res
954 2681 1006 2726 no·
1018 2671 1064 2716 ³5⁰·

95 2768 145 2808 vas
169 2749 280 2825 babuit,
304 2750 476 2810 Vetranione
499 2750 534 2809 ud
556 2751 703 2827 imperium
726 2767 865 2808 consensu
888 2747 1011 2811 militum

97 2832 200 2892 electo.
233 2833 327 2905 Quem
340 2833 529 2910 grandaevum
543 2835 597 2892 iam
614 2843 643 2892 et
661 2835 769 2892 cunctis
783 2832 930 2892 amabilem
947 2828 1016 2894 diu-⁴

96 2917 226 2975 tumitate
239 2925 267 2977 et
279 2915 416 2976 felicitate
426 2916 540 2976 militiae
555 2916 589 2976 ad
600 2916 733 2977 tuendum
744 2914 885 2991 Illyricum
903 2919 1005 2994 priuci-

96 3017 162 3078 pem
177 3008 358 3075 creaverunt,
381 3002 470 3058 virum
484 3000 603 3078 probum
615 3010 643 3060 et
658 3016 765 3059 morum
775 3010 901 3060 veterum
918 3020 952 3062 ac
965 3003 1006 3061 iu·

97 3081 205 3142 condas
219 3082 372 3159 civilitatis,
387 3083 438 3143 sed
451 3086 571 3144 omnium
582 3082 738 3145 liberalium
749 3086 847 3144 artium
859 3093 1007 3162 expertem

96 3166 179 3242 adeo,
199 3175 228 3225 ut
238 3185 274 3225 ne
286 3166 425 3228 elementa
440 3168 552 3247 quidem
564 3171 651 3246 prima
668 3167 819 3252 literarum,
835 3170 888 3228 nisi
904 3167 1005 3246 grand·

96 3268 184 3311 aeuus
196 3259 225 3310 et
235 3252 288 3310 iam
301 3252 463 3328 imperator,
476 3254 630 3329 acceperit.

160 3335 248 3396 Cur.
260 3332 310 3394 Xl.
340 3333 398 3393 Sed
415 3354 431 3394 a
447 3333 626 3412 Constantio,
650 3337 699 3416 qui
711 3335 746 3396 ad
760 3335 895 3396 ultionem
907 3336 1004 3397 irater·
1052 3362 1058 3375 ·

48 3447 55 3459 =
96 3433 150 3478 nas
165 3421 246 3480 necis
260 3418 368 3481 bellum
380 3418 469 3479 civile
485 3429 690 3497 commoverat,
712 3420 877 3497 abrogatum
892 3429 937 3498 est
948 3418 1005 3481 Vo-
