2318 3818
150 211 190 276 78
373 214 594 273 EUTROPll
623 217 768 272 LIBER
800 217 830 274 x.
918 253 927 277 a

147 381 222 440 tibus
235 382 336 439 notior.
367 377 422 451 Qui
437 382 491 438 iam
502 381 618 439 turbatis
629 381 725 456 rebus,
742 382 868 440 exercitu
884 399 1001 459 quoque
1016 384 1057 443 in·
1101 416 1106 422 ’-

149 466 216 543 cpia
233 462 392 537 laborante,
415 480 470 522 uno
489 482 504 522 a
519 462 613 522 Persis
632 473 716 542 atque
731 463 820 523 altero
838 466 948 542 proelio
964 468 1059 529 uictus

148 565 248 626 pacem
259 564 322 605 cum
334 547 461 623 Sapore,
485 549 673 606 necessariam
686 548 813 626 quidem,
838 547 888 607 sed
904 550 1060 626 ignobilem

149 632 232 705 lecit,
259 629 389 689 multatus
408 631 508 689 linibus
527 649 560 690 ac
575 631 705 690 nonnulla
722 634 831 710 imperii
842 632 959 693 Romani
978 642 1061 711 parte

148 714 256 775 tradita.
290 712 374 787 Quod
385 723 449 773 ante
468 732 532 772 eum
543 716 622 774 annis
641 715 707 774 mile
722 725 832 775 centum
849 726 877 776 et
894 716 1004 776 duobus
1022 717 1060 776 de
1079 721 1089 795 ᾗ

148 799 247 875 viginti
264 798 342 874 iere,
368 817 404 857 ex
421 814 477 876 quo
492 798 647 858 Romanum
663 794 809 877 imperium
828 801 970 860 eonditum
986 810 1058 876 erat,

148 899 287 959 nunquam
299 881 409 942 accidit.
441 882 515 955 Quin
528 884 610 941 etiam
621 882 751 959 legiones
767 892 879 942 nostrae
893 887 971 944 itaet
984 885 1061 962 apud

151 964 285 1025 Caudium
298 983 348 1043 per
362 964 490 1025 Pontium
507 965 668 1025 Telesinam
683 976 711 1026 et
721 969 749 1027 in
759 967 893 1047 Hispania
910 969 985 1045 apud
1001 968 1061 1027 Nu·

150 1053 278 1109 mantiam
289 1058 317 1109 et
327 1051 356 1108 in
365 1049 494 1109 Numidia
511 1050 563 1108 sub
579 1053 675 1126 iugum
687 1053 791 1110 missae
804 1059 876 1128 sunt,
892 1061 922 1111 ut
935 1053 1002 1111 nihil
1018 1062 1060 1112 ta·

150 1152 214 1192 men
227 1134 320 1192 linium
332 1133 498 1192 traderetur.
529 1133 571 1192 Ea
586 1136 666 1210 pacis
679 1134 808 1194 condicio
819 1149 877 1195 non
889 1137 999 1214 penitus
1014 1155 1061 1196 re-

151 1215 348 1294 prehendenda
371 1216 458 1292 foret,
485 1219 509 1275 si
530 1217 653 1276 foederis
673 1222 882 1296 necessitatem,
907 1238 969 1278 cum
988 1221 1062 1278 inte·

150 1318 230 1377 grum
245 1298 313 1375 fuit,
323 1308 429 1359 mutare
440 1300 589 1377 voluisset,
603 1301 676 1359 sicut
690 1319 706 1360 a
722 1301 856 1362 Romanis
868 1304 995 1362 omnibus
1013 1304 1062 1362 his

143 1383 245 1462 bellis,
263 1401 335 1462 qnae
348 1386 574 1460 commemoravi,
597 1384 701 1444 lactum
717 1396 770 1445 est.
802 1386 873 1446 Nam
889 1396 917 1446 et
932 1388 1062 1447 Samniti-

66 1526 69 1533 .
150 1467 205 1529 bus
224 1478 252 1529 et
266 1468 439 1528 Numantinis
457 1478 485 1527 et
498 1466 625 1551 Numidis
645 1469 794 1529 confestim
809 1470 885 1530 bella
902 1471 977 1531 illata
996 1479 1064 1530 sunt

152 1572 245 1630 neque
266 1570 320 1630 pax
336 1561 393 1611 rata
409 1552 471 1611 luit.
505 1552 562 1611 Sed
578 1552 642 1611 dum
658 1553 796 1612 aemulum
807 1557 917 1632 imperii
934 1563 1061 1631 veretur,

101 1663 126 1715 p
152 1639 221 1696 intra
233 1636 375 1695 Orientem
392 1635 535 1711 residens,
555 1635 664 1713 gloriae
676 1654 771 1712 parum
784 1637 932 1698 consuluit.
957 1633 1064 1716 ltaque

86 1741 141 1783 on.
150 1722 204 1779 iter
214 1722 361 1796 ingressus
374 1727 458 1796 atque
467 1718 608 1794 Illyricum
619 1728 720 1796 petens
731 1721 759 1778 in
766 1717 890 1779 Galatiae
901 1720 1001 1779 linibus
1014 1741 1064 1781 re·

36 1849 40 1866 2
98 1809 143 1852 ³⁶⁴·
153 1805 267 1881 pentina
278 1811 368 1862 morte
381 1803 451 1862 obiit
461 1805 504 1862 vir
515 1802 583 1862 alias
595 1821 687 1881 neque
698 1805 773 1863 iners
785 1822 879 1881 neque
888 1805 1063 1881 imprudens.

216 1887 302 1948 Gar.
313 1885 417 1946 XVlll.
433 1887 512 1946 lllulti
524 1889 706 1946 exanimatum
718 1891 864 1966 opinantur
875 1890 957 1947 nimia
969 1890 1064 1960 crudi-

153 1980 225 2049 tate,
244 1975 316 2032 inter
333 1972 505 2032 coenandum
523 1974 595 2030 enim
615 1971 707 2048 epulis
721 1972 889 2048 indulserat,
914 1971 959 2030 alii
971 1972 1064 2032 odore

154 2057 288 2134 cubiculi,
304 2056 380 2136 quod
391 2074 428 2115 ex
437 2058 543 2114 recenti
555 2053 675 2112 tectorio
688 2055 774 2128 calcis
791 2074 878 2132 grave
890 2057 1063 2133 quiescenti-

154 2141 207 2198 bus
219 2150 287 2215 erat,
308 2140 419 2216 quidam
430 2140 571 2196 nimietate
583 2153 747 2212 prunarum,
770 2157 839 2214 quas
855 2141 934 2216 graui
954 2140 1064 2216 frigore

102 2238 128 2279 r.
155 2223 262 2282 adoleri
274 2222 372 2280 multas
387 2223 517 2296 iusserat.
549 2218 683 2279 Decessit
697 2222 805 2297 imperii
817 2240 914 2281 mense
927 2227 1062 2300 septimo,

88 2305 144 2349 cm.
155 2315 254 2385 quarto
270 2305 380 2365 decimo
393 2304 510 2365 Kalend.
523 2302 654 2379 lllartias,
675 2306 790 2376 aetatis,
808 2314 839 2365 ut
854 2308 901 2385 qui
914 2307 1065 2384 plurimum

95 2373 139 2418 ³⁶⁴¹
155 2409 189 2449 ae
202 2392 342 2450 minimum
354 2390 473 2465 tradunt,
489 2390 572 2448 tertio
585 2396 613 2446 et
627 2389 772 2465 trigesimo
784 2405 872 2464 auno,
888 2409 921 2449 ac
933 2391 1064 2468 benigni-

155 2483 212 2533 tate
230 2476 402 2551 principum,
425 2475 472 2550 qui
489 2474 516 2531 ei
534 2481 743 2547 successerunt,
766 2475 837 2533 inter
848 2474 937 2533 Divos
956 2475 1064 2534 relatus

156 2566 208 2616 est.
230 2556 299 2616 Nam
315 2566 344 2615 et
355 2557 479 2615 civilitati
496 2558 612 2633 propior
623 2564 651 2614 et
661 2565 758 2614 natura
773 2556 919 2617 admodum
936 2558 1064 2618 liberalis

156 2641 216 2700 fuit.
238 2639 305 2719 (X.)
322 2638 351 2698 ls
368 2648 455 2699 status
472 2648 531 2699 erat
548 2639 691 2697 Romanae
706 2641 764 2715 rei,
782 2638 898 2700 loviano
916 2641 1015 2700 eodem
1034 2652 1065 2701 et

155 2724 326 2785 Varroniano
342 2741 418 2782 coss.
434 2738 506 2783 anno
523 2722 600 2781 urbis
615 2721 744 2781 conditae
756 2723 894 2784 milesimo
907 2727 1063 2784 centesimo

156 2817 185 2867 et
194 2825 269 2867 nono
282 2808 400 2868 decimo.
439 2805 511 2880 Quia
524 2815 616 2865 autem
633 2805 668 2865 ad
679 2805 800 2866 inclutos
817 2810 958 2887 principes
974 2827 1063 2867 vene·

155 2891 314 2968 randosque
326 2900 493 2970 perventum
505 2899 557 2966 est,
576 2892 686 2950 interim
698 2893 780 2968 operi
797 2892 908 2951 modum
924 2893 1063 2951 dabimus.

156 2973 226 3034 Nam
243 2974 351 3052 reliqua
366 2975 430 3034 stilo
449 2976 554 3034 maiore
566 2973 684 3033 dicenda
705 2984 777 3035 sunt.
812 2975 891 3048 Quae
909 2994 982 3034 nunc
1004 2978 1064 3035 non

156 3068 211 3119 tam
222 3061 481 3136 praetermittimus,
499 3076 581 3136 quam
592 3056 627 3116 ad
642 3059 776 3118 maiorem
787 3059 927 3119 scribendi
942 3059 1063 3136 diligen·

157 3145 221 3203 tiam
236 3160 422 3203 reservamus.

512 3320 708 3330 ...--.--——
