2318 3818
183 197 226 260 44
532 200 759 261 EUTROPH

183 366 328 426 dictatoris
342 366 426 426 filius.
461 365 565 427 Contra
582 366 636 427 bos
655 368 808 427 commisso
820 365 932 444 proelio
950 374 1019 445 post
1035 367 1110 429 rnul-

182 459 225 509 tas
238 450 433 510 dimicationes
441 453 534 510 victor
543 450 596 510 fuit
608 447 723 512 Caesar.
748 449 830 527 Cato,
839 450 948 527 Scipio,
958 444 1107 529 Petreius,

182 531 262 610 iuba,
277 536 333 611 ipsi
345 554 378 594 se
389 535 563 594 occiderunt.
598 534 730 612 Faustus,
745 533 873 612 Pompeii
885 537 986 611 gener,
999 553 1017 594 a
1031 532 1108 594 Gae-

182 634 246 676 sare
258 619 425 677 interfectus
439 627 492 677 est.

119 735 174 779 eu,
248 717 336 777 Car.
348 715 452 778 XXIV.
465 717 574 798 (XIX.)
602 717 673 794 Post
688 735 788 779 aunum
802 715 907 777 Caesar
921 716 1041 777 Romam
1057 725 1106 779 re-

102 803 168 865 .⁷⁰⁷·
182 818 300 877 gressus
313 811 412 880 quarto
425 821 457 861 se
469 802 616 862 consulem
627 802 696 873 iecit
708 810 736 861 et
746 802 838 860 statim
850 800 885 860 ad
893 799 1045 879 Hispanias
1058 811 1107 864 cst

181 885 340 962 proiectus,
354 886 402 944 ubi
413 884 541 963 Pompeii
550 885 615 961 filii,
630 883 742 945 Gnaeus
755 893 783 944 et
798 884 912 961 Sextus,
925 886 1029 962 ingens
1041 887 1105 946 bel·

181 968 238 1027 luru
258 979 466 1046 reparaverant.
494 969 582 1029 Multa
600 969 709 1046 proelia
730 968 857 1044 fuerunt,
882 968 1007 1028 ultimum
1026 970 1105 1049 apud

181 1051 312 1111 Mundam
330 1054 482 1130 civitatem,
503 1055 532 1112 in
550 1069 606 1130 quo
619 1052 691 1112 adeo
703 1051 810 1113 Caesar
821 1070 912 1130 paene
927 1054 1022 1112 victus
1045 1063 1102 1132 cst,
1141 1069 1143 1073 ’

160 1177 164 1187 .
181 1145 211 1193 ut
222 1135 396 1211 fugientibus
408 1139 468 1195 suis
480 1155 513 1195 sc
524 1136 647 1195 voluerit
659 1136 805 1212 occidere,
818 1155 854 1197 ue
867 1146 933 1214 post
944 1144 1047 1197 tautam
1058 1140 1103 1197 rei

180 1217 307 1277 militaris
319 1218 439 1295 gloriam
450 1222 478 1278 iu
490 1229 661 1297 potestatem
677 1218 901 1280 adolescentium
918 1228 998 1280 natus
1010 1238 1102 1282 anuos

180 1319 233 1360 sex
249 1310 278 1360 et
296 1304 499 1381 quinquaginta
514 1306 635 1363 veniret.
667 1303 800 1383 Denique
819 1306 958 1383 reparatis
978 1306 1038 1365 suis
1057 1307 1101 1365 vi-

180 1387 228 1444 cit.
249 1383 295 1445 Ex
305 1385 434 1464 Pompeii
449 1388 514 1447 filiis
529 1390 619 1448 maior
633 1390 748 1447 occisus
762 1397 816 1465 cst,
829 1391 920 1449 minor
930 1389 1013 1466 fugit.

244 1487 332 1548 (iar.
350 1487 440 1548 XXV.
456 1487 551 1568 (XX.)
576 1486 645 1548 Inde
663 1486 770 1548 Caesar
786 1488 870 1548 bellis
888 1489 1019 1548 civilibus
1037 1498 1101 1550 toto

181 1571 251 1631 orbe
272 1573 440 1647 compositis
451 1571 570 1629 Romam
581 1572 674 1631 rediit.
707 1570 804 1648 Agere
821 1571 987 1631 insolentius
1003 1575 1102 1652 coepit

179 1661 208 1712 et
228 1662 325 1711 contra
345 1652 579 1712 consuetudinem
596 1651 739 1712 Romanae
757 1654 905 1713 libertatis.
940 1652 1011 1714 Cum
1028 1675 1100 1736 ergo

180 1744 209 1795 et
219 1736 344 1807 honores
360 1754 396 1795 ex
408 1755 458 1799 sua
474 1734 620 1795 voluntate
632 1745 809 1814 praestaret,
827 1738 875 1814 qui
892 1755 909 1796 a
923 1738 1035 1814 populo
1052 1758 1100 1802 au·

179 1829 225 1880 tea
240 1818 456 1897 deferebantur,
480 1836 534 1880 uec
552 1822 663 1879 senatui
679 1818 714 1880 ad
730 1838 762 1880 se
779 1821 903 1880 venienti
920 1833 1099 1903 assurgeret,

179 1904 291 1982 aliaque
305 1906 385 1982 regia
398 1923 433 1964 ac
447 1922 537 1983 paene
551 1898 697 1980 tyrannica
716 1905 839 1981 iaceret,
865 1905 1040 1966 coniuratum
1054 1918 1102 1969 est

76 2052 78 2057 ,
179 1991 208 2047 iu
218 2006 282 2047 eum
295 2006 357 2049 auu
367 1988 415 2048 vel
423 1987 543 2066 amplius
555 1989 732 2048 senatoribus
742 1988 943 2068 equitibusque
950 1988 1099 2053 Romanis.

149 2096 158 2102 ·
178 2070 327 2148 Praecipui
340 2072 453 2131 fuerunt
463 2075 536 2131 inter
549 2075 710 2133 coniuratos
724 2071 781 2131 duo
791 2071 881 2149 Bruti,
895 2091 930 2133 cx
939 2090 975 2132 eo
987 2092 1101 2150 genero

178 2153 268 2229 Bruti,
282 2156 330 2230 qui
342 2156 448 2231 primus
460 2155 570 2214 Rornae
584 2155 684 2215 consul
695 2156 786 2215 fuerat
798 2165 923 2233 strages
935 2156 1099 2237 expulerat,

180 2235 213 2296 0.
227 2235 343 2297 Cassius
359 2246 387 2297 et
398 2238 536 2298 Servilius
548 2235 649 2299 Casca.
680 2239 758 2317 Ergo
773 2238 889 2316 Caesar,
905 2257 968 2301 oum
980 2250 1100 2303 senatus

107 2311 164 2423 ¹23·
177 2320 223 2381 die
236 2323 309 2381 inter
320 2330 435 2383 ceteros
446 2325 575 2382 venisset
586 2323 621 2383 ad
633 2325 752 2400 curiam,
768 2344 838 2384 sunu
849 2323 1014 2385 vulneribus
1026 2342 1099 2387 con·

157 2405 273 2466 'fossus
289 2415 344 2466 est.

379 2788 550 2855 tibuit
590 2789 888 2856 sutrinos

493 2992 785 3044 subobsitum.

228 3102 253 3154 1.
271 3101 404 3152 Interfecto
421 3102 484 3153 Iulio
502 3100 609 3153 Caesare
626 3102 693 3152 belis
711 3104 795 3154 civilia
811 3113 959 3170 reparantur
976 3121 1031 3156 rem
1045 3121 1095 3172 pu-

175 3170 267 3221 blicam
282 3170 399 3220 turbante
416 3170 535 3224 Antonio.
561 3168 588 3221 i.
605 3171 730 3222 Antonius
747 3173 851 3238 fugatus
868 3174 983 3240 confugit
1000 3176 1034 3226 ad
1044 3175 1095 3226 Le-

174 3239 271 3304 pidum,
290 3254 339 3302 quo
359 3253 461 3303 operum
479 3240 555 3289 doute
573 3238 720 3301 Octaviano,
740 3242 842 3292 alterius
858 3245 938 3309 partis
957 3244 1033 3305 dauci,
1052 3260 1095 3294 re-

174 3308 329 3361 consiliatur.
356 3307 458 3357 illorum
474 3309 654 3359 triumviratus.
684 3308 769 3360 Cicero
788 3312 917 3362 occiditur.
946 3308 974 3365 8.
992 3311 1094 3363 Bellum

164 3389 182 3422 a
197 3375 278 3426 Bruto
298 3386 323 3426 ct
343 3374 448 3440 Cassio,
475 3374 591 3428 caeseris
608 3379 810 3444 percussoribus,
828 3388 922 3431 motum
938 3381 1094 3445 illorumque
