2318 3818
182 192 225 254 20
530 196 750 253 EUTROPll

182 360 288 420 Fabius
305 358 453 420 Maximus.
490 359 519 419 ls
537 377 601 418 eum
619 358 774 418 differendo
792 376 914 436 pugnam
936 358 971 418 ab
990 359 1103 436 impetu
1146 356 1149 364 '

184 445 281 522 fregit,
294 460 360 502 mox
373 445 486 503 inventa
499 444 653 503 occasione
665 443 744 501 vicit.

122 535 179 578 ΔΜ·
242 527 330 586 Gne.
341 525 378 585 X.
398 527 465 607 (V.)
495 527 730 604 Quingentesimc
746 532 775 585 ct
790 524 1008 603 quadragesimo
1024 542 1100 584 anno

123 603 170 646 ⁶³⁶·
184 630 199 670 a
212 610 323 670 condita
335 611 404 669 urbe
415 610 447 669 L.
458 610 596 669 Aemilius
607 608 720 685 Paulus,
732 608 762 669 P.
773 608 922 668 Terentius
932 607 1022 668 Varro
1033 625 1103 668 cou-

182 703 224 753 tra
237 691 422 753 Hannibalem
443 696 603 769 mittuntur,
623 692 772 771 Fabioque
790 691 962 768 succedunt,
983 690 1103 770 quiba-

182 777 246 837 bius
262 777 361 837 ambos
374 778 508 837 consules
522 779 645 852 monuit,
666 785 696 836 ut
706 775 908 852 Hannibalem,
929 773 1051 835 calidum
1074 784 1105 833 et

183 863 376 938 impatientem
389 862 505 937 ducem,
532 879 588 921 non
599 859 681 922 aliter
691 863 848 936 vincerent,
867 878 949 938 quam
960 857 1105 936 proelium

183 944 351 1006 differendo,
373 944 478 1005 Verum
491 963 555 1004 cum
566 946 737 1022 impatientia
747 943 882 1004 Varronis
895 943 1019 1003 consulis
1032 959 1104 1002 con-

143 1085 158 1090 ,,
182 1027 340 1108 tradicente
351 1029 471 1088 consule
482 1029 571 1089 altero
583 1028 659 1107 apud
670 1030 780 1104 vicum,
800 1029 848 1106 qui
868 1025 981 1087 Cannae
999 1025 1101 1104 appel·

182 1111 264 1185 latur,
280 1112 309 1170 in
319 1111 422 1189 Apulia
435 1121 588 1190 pugnatum
601 1121 694 1188 esset,
721 1113 804 1172 ambo
817 1110 951 1171 consules
972 1111 1007 1170 ab
1024 1107 1103 1169 Han-

182 1193 275 1253 nibale
289 1196 448 1255 vincuntur.
481 1195 513 1257 ln
525 1216 560 1257 ea
573 1215 667 1274 pugna
682 1215 718 1256 ιιι
733 1194 809 1254 milia
823 1194 955 1254 Afrorum
969 1201 1103 1272 pereunt,

182 1295 283 1354 magna
295 1296 361 1355 pars
374 1279 410 1339 de
422 1283 550 1340 exercitu
559 1279 722 1340 Hannibalis
735 1279 886 1338 sauciatur.
907 1276 993 1336 Nullo
1005 1285 1104 1336 tamen

181 1360 288 1421 Punico
300 1362 378 1422 bello
389 1363 508 1424 Romani
521 1365 635 1443 gravius
650 1363 763 1441 accepti
772 1370 845 1422 sunt.
876 1359 961 1420 Periit
977 1344 1052 1418 elim
1073 1361 1106 1419 in

184 1461 220 1505 eo
236 1445 375 1507 Aemilius
390 1445 493 1508 Paulus
509 1447 626 1524 consul,
649 1446 813 1507 consulares
829 1455 878 1506 aut
897 1444 1031 1523 praetorii
1050 1461 1102 1520 xx,

184 1538 333 1590 senatores
348 1533 422 1609 capti
439 1541 486 1590 aut
501 1534 590 1590 occisi
604 1550 677 1607 xxx,
700 1530 811 1590 nobiles
826 1531 879 1589 viri
895 1549 961 1604 ccc,
982 1526 1105 1586 militum

182 1633 219 1674 un
234 1614 325 1692 milia,
343 1614 468 1691 equitum
482 1631 517 1672 ιιι
531 1613 607 1672 milia
623 1623 651 1672 ct
663 1614 818 1691 quingenti.
851 1611 884 1670 ln
900 1612 1002 1689 quibus
1018 1610 1104 1669 malis

182 1706 271 1757 nemo
286 1705 378 1756 tamen
392 1692 582 1754 Romanorum
594 1697 674 1772 pacis
693 1696 864 1754 mentionem
879 1694 985 1753 babere
1002 1693 1103 1770 digna·
1123 1690 1127 1697 ’

182 1789 227 1839 tus
239 1788 291 1839 est.
315 1779 413 1854 Serui,
428 1778 504 1857 qnod
519 1796 659 1857 uunquam
670 1786 746 1854 ante,
766 1778 929 1837 manumissi
946 1784 975 1836 et
992 1777 1102 1838 milites

183 1864 251 1923 iacti
264 1871 338 1923 sunt.

244 1947 331 2006 Gar.
343 1944 394 2006 XI.
407 1943 489 2026 (vl.)
516 1944 585 2004 Post
596 1963 658 2005 eam
669 1963 791 2023 pugnam
802 1944 906 2004 multae
917 1941 1016 2003 ltaliae
1030 1944 1102 2003 civi·

181 2039 265 2104 tates,
279 2047 352 2107 quae
364 2029 498 2088 Romanis
515 2038 674 2107 paruerant,
692 2048 724 2087 se
736 2028 771 2088 ad
781 2027 964 2088 Hannibalem
978 2035 1102 2086 transtu·

180 2112 281 2171 lerunt.
305 2110 442 2172 Hannibal
453 2112 588 2172 Romanis
603 2112 715 2188 obtulit,
728 2121 758 2171 ut
774 2115 903 2189 captivos
915 2111 1100 2188 redimerent,

179 2210 409 2274 responsumque
427 2205 499 2256 esta
514 2206 629 2272 senatu,
651 2213 703 2256 ecs
718 2197 798 2255 cives
813 2209 871 2255 non
886 2212 1101 2255 essenecessa·

179 2279 249 2354 rios,
265 2281 323 2358 qui,
342 2298 405 2339 cum
416 2283 512 2340 armati
527 2290 639 2356 essent,
658 2282 721 2358 capi
740 2281 909 2358 potuissent.
932 2276 985 2338 llle
997 2295 1100 2338 omnes

180 2372 282 2440 postea
299 2366 384 2425 variis
402 2365 551 2444 suppliciis
573 2365 731 2442 interfecit,
755 2373 784 2425 et
803 2363 984 2424 tresmodios
997 2380 1101 2422 aureo·

179 2465 240 2506 rum
252 2448 416 2508 annulcmm
429 2447 629 2527 Carthaginem
641 2451 733 2525 misit,
754 2465 827 2527 quos
843 2467 860 2507 e
875 2447 1002 2507 manibus
1017 2448 1100 2525 equi·

179 2538 237 2590 tum
248 2530 448 2607 Romanorum,
470 2541 646 2607 senatorum,
673 2542 702 2592 et
715 2533 833 2592 militum
846 2531 1014 2591 detraxerat.
1052 2530 1099 2590 lu·

178 2621 258 2673 terea
272 2616 301 2674 in
316 2614 461 2692 Hispania,
485 2615 533 2674 ubi
543 2616 630 2676 frater
641 2614 806 2676 Hannibalis
820 2611 977 2675 Hasdrubal
987 2632 1099 2674 reman-

178 2706 254 2757 serat
267 2716 331 2758 cum
341 2715 444 2776 magno
463 2701 601 2776 exercitu,
618 2708 648 2758 ut
663 2717 724 2758 eam
738 2707 827 2759 totam
840 2699 918 2758 Afris
935 2697 1097 2775 subigeret,
1123 2742 1129 2749 -

178 2799 194 2840 a
206 2781 317 2845 duobus
329 2783 529 2860 Scipionibus,
547 2783 682 2843 Romanis
695 2782 824 2859 ducibus,
837 2784 973 2857 vincitur,
990 2781 1095 2859 pordit·

178 2882 234 2942 que
246 2866 380 2944 inpugna
395 2867 556 2941 mamilia
570 2867 721 2927 hominum.
743 2865 789 2926 Ex
799 2867 843 2927 bis
858 2869 1005 2945 capiuntur
1014 2885 1034 2925 ιι
1045 2868 1098 2925 mi·

176 2947 224 3023 lia,
243 2949 410 3009 occiduntur
421 2969 488 3010 xxv.
520 2948 666 3030 Mittuntur
685 2953 712 3009 ei
729 2970 746 3010 a
763 2949 1042 3030 Carthaginiensibus
1060 2950 1099 3009 ad

22 3056 69 3128 ,³⁵⁴
84 3053 92 3073 ··
137 3069 149 3078 ψ
175 3031 345 3174 ιῗριιῖῑιιιιᾱιι
362 3034 440 3093 vires
459 3053 499 3093 ιιιι
515 3033 590 3094 milia
609 3033 750 3112 peditum,
771 3055 801 3096 ιι
815 3036 891 3095 milia
904 3036 1040 3113 equitnm,
1057 3053 1098 3095 xx

178 3133 244 3192 eep
265 3118 331 3174 anti.

117 3215 174 3259 su.
240 3199 329 3259 Gar.
344 3197 410 3260 XII.
423 3199 514 3281 (Vll.)
536 3200 618 3261 Anno
637 3210 736 3279 quarto
749 3212 831 3281 post,
850 3221 932 3281 quam
946 3204 974 3262 in
985 3200 1097 3264 Italiam

123 3281 312 3343 ⁶³⁷·Hannibal
328 3285 422 3359 venit,
444 3282 482 3343 Μ.
496 3283 630 3345 Claudius
646 3285 799 3347 Marcellus
820 3286 920 3346 consul
941 3287 1015 3365 apud
1032 3287 1094 3346 Nc-

174 3363 239 3442 lam,
255 3369 397 3428 civitatem
412 3366 599 3448 Campaniae,
623 3379 721 3432 contra
736 3370 921 3432 Hannibalem
943 3373 1017 3432 bene
1041 3389 1094 3451 pu·
