2318 3818
92 194 95 200 ’
181 211 223 272 ao
527 211 744 270 nonacris

181 387 264 456 gatus
276 384 372 436 contra
381 373 551 434 Antiochum
565 375 710 454 proiectus
722 385 776 435 est.
802 374 948 450 Hannibal,
968 376 1020 452 qni
1035 394 1102 436 cum

182 460 323 521 Antiocho
340 466 410 534 erat,
422 458 514 517 navali
526 459 637 536 proelio
652 462 744 518 victus
757 467 811 518 est.
838 457 907 536 lpse
922 468 1026 536 postea
1039 459 1101 520 An·

181 543 295 605 tiochus
309 544 386 602 circa
402 541 530 619 Sipylum
542 542 577 601 ad
592 542 783 620 Magnesiam,
806 541 895 601 Asiae
907 544 1063 620 civitatem,
1083 561 1101 603 a

181 626 300 687 consule
317 624 451 685 Cornelio
466 627 602 703 Scipione
617 627 724 704 ingenti
740 625 851 704 proelio
864 625 944 685 lusus
960 635 1015 685 est.
1038 626 1100 686 Au-

179 709 249 771 xilio
261 710 314 769 fuit
327 709 461 770 Romanis
473 711 501 768 in
516 728 549 768 ea
561 727 655 786 pugna
670 709 823 786 Eumenes,
843 708 930 769 Attali
942 711 1022 787 regis
1040 711 1100 771 fra-

180 802 238 869 ter,
258 797 306 873 qui
317 792 483 852 Eumeniam
499 794 528 851 in
537 791 660 870 Phrygia
679 792 813 853 condidit.
838 792 946 852 nmilia
957 793 1099 871 peditum,

80 884 83 891 '
181 900 212 938 ιιι
225 881 350 956 equitum
363 893 398 935 eo
415 877 567 936 certamine
581 895 617 936 ex
632 885 711 954 parte
725 878 804 953 regis
816 878 913 936 occisa
930 885 1004 936 sunt.
1025 877 1100 937 Tum

180 980 233 1022 rex
251 959 408 1020 Antiochus
430 977 530 1038 pacem
546 961 637 1037 petiit.
671 959 776 1021 lisdem
798 959 1013 1021 condicionibus
1032 959 1101 1022 data

182 1054 258 1104 esta
276 1052 390 1120 senatu,
412 1062 570 1122 quanquam
590 1044 682 1120 victo,
708 1045 810 1123 quibus
826 1053 889 1104 ante
908 1045 1099 1105 offerebatur:

79 1167 81 1172 -
180 1137 215 1189 ot
230 1147 270 1188 ec
281 1125 410 1205 Europa
425 1133 454 1188 et
467 1125 544 1189 Ario
558 1130 733 1205 recederet,
753 1134 846 1207 utque
860 1131 943 1190 intro
960 1127 1101 1190 Taurum

180 1231 214 1271 ce
226 1213 410 1279 continerem
434 1213 553 1272 nmilia
570 1203 750 1273 talentorum
766 1221 796 1273 et
808 1230 847 1272 xx
864 1213 986 1274 obsideo
997 1230 1099 1290 prce-

181 1296 284 1364 ocrea·
300 1292 512 1370 Hcocibclem,
528 1297 710 1357 coocitorern
721 1296 801 1372 belli,
816 1297 953 1357 dederet.
975 1294 1100 1356 Eumeni

180 1379 242 1455 regi
259 1377 379 1438 donatae
390 1387 455 1439 sunt
467 1393 565 1439 omnes
576 1380 662 1439 Asiae
680 1380 825 1455 civitates,
851 1396 921 1458 quas
937 1379 1100 1440 Antiochus

178 1462 257 1522 bello
271 1462 442 1540 perdiderat.
470 1462 507 1522 Et
516 1463 648 1539 Rhodiis,
671 1465 719 1542 qui
735 1464 866 1524 auxilium
878 1463 1013 1523 Romanis
1027 1480 1099 1523 con*

112 1551 115 1556 '
178 1554 221 1604 tra
239 1548 338 1622 regern
351 1544 522 1604 Antiochum
546 1546 683 1620 tulerant,
711 1546 814 1607 multae
832 1547 917 1606 urbes
934 1564 1100 1607 concessae

179 1635 252 1686 sunt.
283 1627 383 1703 Scipio
399 1627 518 1685 Romam
539 1627 639 1703 rediit,
666 1631 774 1702 ingenti
793 1629 886 1704 gloria
902 1631 1097 1707 triumphavit.

178 1708 291 1770 Nomen
307 1711 412 1787 etipse
430 1708 465 1769 ad
482 1710 667 1769 imitationem
686 1708 779 1768 fratris
795 1710 947 1786 Asiagenis
967 1716 1097 1792 accepit,

180 1795 246 1872 quia
268 1792 366 1851 Asiam
386 1795 509 1868 vicerat,
532 1794 605 1853 sicut
628 1793 715 1852 frater
729 1795 818 1871 ipsius
837 1803 955 1872 propter
967 1794 1099 1857 Africam

181 1877 312 1937 domitam
323 1876 473 1937 Africanus
488 1877 693 1955 appellabatur.

120 1979 176 2024 no.
248 1961 334 2022 Osa.
347 1961 384 2026 V,
401 1961 504 2038 Spurio
516 1961 781 2038 PostumioAlbino,
797 1961 833 2033 Q.
842 1959 949 2021 Marcio
961 1961 1096 2042 Philippo

128 2047 260 2103 5⁶⁶·coss.
282 2044 320 2102 Μ.
336 2044 452 2102 Fulvius
473 2044 508 2103 de
525 2044 635 2104 Aetolis
650 2046 839 2123 triumphavit.
866 2044 1020 2122 Hannibal,
1045 2050 1096 2125 qui

178 2129 255 2185 victo
268 2126 425 2202 Antiocho,
447 2127 627 2186 neRomanis
640 2128 813 2205 traderetur,
835 2128 869 2188 ad
885 2128 1026 2205 Prusiam,
1047 2130 1095 2189 Bi·

178 2211 292 2285 thyniac
302 2228 415 2288 regem,
440 2210 566 2288 fugerat,
591 2213 729 2288 repetitus
741 2215 825 2272 etiam
842 2212 878 2272 ab
891 2230 926 2273 eo
939 2223 984 2273 est
994 2231 1047 2291 per
1059 2213 1094 2272 Τ.

179 2293 341 2367 Quinctium
351 2293 544 2355 Flamininum.
567 2294 604 2355 Et
621 2312 683 2354 cum
694 2296 844 2357 tradendus
856 2297 990 2357 Romanis
1002 2307 1093 2374 esset,
1127 2322 1130 2330 ·

182 2397 318 2439 venenum
335 2380 407 2438 bibit
424 2387 453 2438 et
470 2380 543 2458 apud
563 2379 709 2456 Libyssam
725 2382 754 2440 in
773 2380 874 2441 tinibus
892 2379 1094 2441 Nicomedien-

180 2465 252 2521 sium
266 2463 395 2538 sepultus
411 2471 465 2522 cst.

245 2544 327 2605 Can.
343 2544 392 2603 Vl.
411 2543 493 2625 (ΙΙΙ.)
522 2545 655 2623 Philippo
672 2566 742 2624 rege
761 2546 947 2607 Macedoniae
968 2555 1092 2625 mortuo,

158 2671 160 2675 -
181 2630 228 2707 qui
245 2637 274 2688 et
284 2628 433 2688 adversum
448 2628 591 2688 Romanos
605 2628 710 2688 bellum
721 2639 862 2707 gesserat,
876 2639 905 2690 et
919 2640 1022 2708 postea
1032 2631 1092 2690 Ro-

178 2713 267 2771 manis
283 2721 380 2772 contra
390 2711 560 2772 Antiochum
574 2712 706 2773 auxilium
721 2710 840 2791 tulerat,
857 2714 930 2774 lilius
950 2717 1012 2775 eius
1023 2713 1093 2775 Per-

179 2814 246 2855 seus
258 2799 287 2855 in
297 2795 464 2856 Macedonia
478 2795 627 2856 rebellavit
641 2797 804 2874 ingentibus
821 2799 914 2877 copiis
933 2798 969 2859 ad
985 2798 1094 2858 bellum

178 2881 293 2956 paratis.
310 2879 381 2940 Nam
390 2879 533 2940 adiutores
544 2880 665 2941 habebat
676 2879 780 2960 Cotyn,
791 2879 927 2943 Thraciae
938 2899 1048 2960 regem,
1062 2891 1094 2942 et

177 2960 296 3040 lllyrici,
309 2961 437 3023 (lentium
447 2965 569 3024 nominc.
590 2964 724 3026 Romanis
732 2974 825 3025 autern
837 2965 1003 3027 inauxilium
1012 2968 1094 3026 erant

178 3044 336 3125 Eumenes,
353 3046 441 3106 Asiae
454 3065 515 3123 rex,
533 3045 695 3108 Ariarathes
706 3047 918 3128 Cappadociae,
930 3043 1092 3108 Antiochus

150 3171 151 3174 κ
180 3128 292 3209 Syriae,
301 3128 622 3210 PtolemaeusAcgypti,
635 3130 784 3193 blasinissa
795 3131 953 3194 Numidiae.
975 3130 1092 3193 Prusias

179 3223 273 3273 autem
286 3213 451 3292 Bithyniae,
477 3232 634 3294 quanquam
650 3234 777 3299 sorqrem
793 3215 891 3276 Persei
906 3234 1024 3277 uxorem
1040 3216 1090 3277 ha-

77 3337 79 3343 .
110 3317 166 3360 no.
177 3296 274 3374 beret,
298 3299 426 3375 utrisque
449 3316 482 3358 se
503 3316 623 3382 aequum
642 3302 782 3378 praebuit.
819 3301 885 3360 Dux
898 3300 1091 3361 Romanorum

118 3384 166 3428 ⁵⁸¹·
180 3379 211 3440 P.
223 3379 347 3442 Licinius
363 3381 572 3444 conculcantis
589 3401 653 3444 eum
666 3386 771 3445 missus
786 3393 830 3444 est
848 3393 988 3463 etarege
1006 3386 1089 3462 gravi
