2318 3818
69 217 85 302 j
178 227 200 293 8
514 228 760 286 nunncnrn

106 411 162 458 uu.
240 392 327 454 Gur.
343 389 419 453 XVI.
439 389 547 471 (XIV.)
571 388 703 451 Guesone
719 389 808 450 Fabio
833 399 862 450 et
875 388 940 449 I'itc
960 389 1090 466 virginio

112 481 160 528 ²⁷⁵·
175 495 252 538 coss.
268 477 389 536 trecenti
404 474 517 534 nobiles
532 475 673 550 homines,
687 475 735 551 qui
747 473 1088 549 cxllubiuiemilieerent,

174 570 273 623 contre
283 559 420 618 Veientes
431 557 537 617 bellurn
549 557 603 617 soli
616 566 815 635 suscoperunt,
831 559 1028 636 promittentes
1042 574 1089 616 se·

172 645 248 704 nutui
260 651 290 703 ct
299 641 408 720 populo
420 658 473 719 per
489 660 521 701 se
535 659 618 700 omne
630 649 772 701 certamen
783 641 965 719 implendum.
988 637 1089 717 Itaque

173 727 312 808 ppolectI,
329 741 427 785 omncs
442 725 555 785 nobiles
573 726 663 803 etqui
682 724 786 803 singuli
798 741 963 802 magnorum
978 725 1088 783 exerci-

171 811 249 870 iuum
260 808 349 870 duces
364 827 431 869 csse
447 808 600 884 deberent,
615 809 644 868 ln
663 808 777 887 proelio
793 809 988 869 conciderunt.
1010 806 1089 866 Unus

172 896 285 954 omnino
294 893 435 972 superfuit
445 891 685 968 extantuicmilie,
699 893 747 971 qui
759 901 877 971 propter
887 901 1007 953 aetutem
1018 907 1088 968 pue-

171 978 253 1039 rilem
264 977 329 1037 duci
340 992 397 1036 non
409 985 541 1054 potuerat
554 976 590 1036 ed
600 991 734 1053 pugnum.

104 1076 160 1124 nu.
236 1062 325 1122 (len.
339 1057 431 1122 xv11.
452 1058 610 1120 Postbecc
622 1075 726 1132 census
742 1061 772 1121 in
787 1060 858 1122 urbe
874 1058 986 1119 hebitus
998 1066 1044 1117 est
1060 1067 1090 1118 et

109 1146 156 1192 Μ·
171 1147 284 1206 invente
300 1152 365 1203 sunt
381 1145 485 1202 civium
502 1146 595 1221 capitu
612 1162 679 1204 oxrx
690 1143 766 1204 milia
778 1163 894 1206 cccxix.
917 1142 1011 1222 (XV.)
1036 1142 1088 1202 Se·

60 1290 66 1298 ,
172 1229 268 1308 quenti
285 1242 375 1301 enno,
395 1245 459 1288 cum
477 1229 505 1288 in
522 1226 627 1305 Algido
646 1236 756 1302 monte,
776 1227 811 1287 ob
829 1227 900 1286 urbe
917 1225 1088 1284 duodecimo

171 1312 261 1372 ferme
272 1310 409 1387 miliario,
427 1310 571 1372 Romanus
584 1309 764 1370 obsideretur
778 1311 935 1385 exercitus,
954 1307 983 1366 L.
1000 1306 1088 1380 Quin-

95 1411 104 1427 ·
171 1397 228 1455 tius
240 1393 422 1457 Cincinnatus
435 1393 557 1456 dictator
568 1403 613 1454 est
623 1393 726 1470 lectus,
740 1395 788 1472 qui
801 1411 899 1471 ugrum
911 1399 1031 1470 quotuor
1045 1393 1087 1451 iu-

104 1497 271 1557 nugerum
284 1478 435 1563 pussidcns
445 1480 573 1539 menibus
591 1479 651 1538 suis
665 1477 788 1539 colebat.
821 1476 850 1537 Is
872 1494 936 1536 cum
952 1478 981 1535 ln
998 1491 1088 1553 opere

115 1565 160 1608 Μ
173 1570 203 1621 ct
214 1578 295 1620 erens
307 1570 386 1619 esset
396 1563 542 1636 inventus,
564 1560 671 1634 sudore
680 1560 795 1620 deterso
806 1571 903 1637 togam
914 1568 1088 1637 praetextum

171 1644 286 1720 accepit
300 1651 329 1701 ct
340 1643 433 1701 caesis
445 1641 575 1701 hostibus
587 1641 718 1701 liberavit
731 1645 897 1703 exercitum.

104 1749 161 1794 gn.
235 1725 320 1809 (Ine.
334 1721 440 1789 XVIII.
455 1722 564 1806 (XVI.)
585 1723 668 1784 Anno
685 1727 887 1787 trecentesim
901 1736 930 1785 et
946 1727 1035 1786 altero
1052 1727 1088 1785 ab

108 1816 155 1864 ³⁰2·
171 1810 243 1872 urbe
257 1809 370 1869 condita
389 1810 538 1886 Imperium
550 1809 701 1870 consulere
718 1811 845 1870 cessavit
860 1819 889 1869 ct
905 1827 957 1888 pro
976 1809 1088 1870 duobus

173 1893 338 1955 consulibus
350 1892 451 1952 desem
463 1893 530 1954 lecti
543 1901 618 1971 sunt,
637 1895 685 1972 qui
700 1912 834 1955 summam
853 1903 1024 1972 potestatem
1039 1894 1087 1953 hu-

131 1979 133 1984 ’
172 1980 284 2054 berent,
297 1977 605 2052 dccevarinomInuti.
643 1977 702 2037 Sed
724 1997 787 2037 cum
811 1980 902 2055 primo
920 1995 993 2039 enno
1014 1978 1089 2037 bene

173 2064 311 2138 egissent,
329 2060 456 2119 secundo
474 2079 545 2120 unus
558 2078 595 2120 cx
608 2061 654 2136 iis,
666 2059 779 2139 Appius
795 2058 946 2138 Gluudius,
968 2061 1089 2138 Virginii

175 2142 335 2218 cniusdam,
360 2143 408 2220 qui
428 2143 556 2203 honestis
572 2144 628 2203 inm
645 2144 794 2221 stipendiis
815 2152 913 2204 contre
926 2144 1041 2204 Latinos
1060 2147 1089 2204 in

173 2237 269 2287 monte
279 2224 384 2304 Algido
394 2225 539 2303 militabat,
553 2225 637 2286 liliam
647 2229 786 2304 virgInem
798 2228 1087 2307 corrumpcrcvoluit,

174 2329 257 2390 mem
276 2319 356 2388 peter
374 2309 495 2387 occidit,
518 2329 556 2370 ne
573 2319 700 2389 stuprum
713 2329 729 2372 o
742 2311 904 2372 decemuiro
924 2315 1087 2390 sustineret,

174 2404 203 2455 et
212 2411 364 2473 regressus
374 2392 410 2454 ed
421 2393 541 2471 milites,
559 2397 649 2455 movit
660 2395 815 2457 tumultum.
845 2395 961 2457 Sublata
977 2406 1022 2456 est
1039 2395 1088 2455 de-

167 2480 305 2538 cemviris
318 2486 446 2553 potestus
458 2480 573 2556 ipsique
590 2479 711 2540 damnati
726 2490 800 2540 sunt.

49 2581 52 2586 ·
104 2573 160 2618 nu.
236 2561 322 2619 Gne.
337 2557 546 2639 xlx.(xvl1.)
559 2560 641 2620 Anno
653 2565 855 2637 trecentesimo
867 2562 977 2623 decimo
990 2564 1088 2640 quinto

40 2867 70 3002 l

106 2640 154 2688 ³¹²·
173 2643 208 2704 ab
222 2643 293 2703 urbe
308 2641 420 2702 condite
432 2641 584 2703 Fidenates
600 2653 699 2704 contre
708 2644 853 2705 Romanos
868 2645 1087 2706 rebellaverunt.

172 2725 314 2788 Auxilium
334 2726 379 2786 his
397 2726 578 2805 praestabunt
592 2726 729 2788 Veientes
747 2737 775 2788 et
790 2747 844 2789 rcx
860 2729 1020 2789 Veientium
1032 2729 1087 2789 Το-

172 2810 304 2871 lumnius.
338 2809 419 2883 Quae
442 2810 541 2870 ombus
565 2812 695 2872 civitates
720 2821 776 2872 tem
798 2814 909 2873 vicinae
932 2813 1086 2891 urbisuut,

173 2902 204 2953 ut
213 2893 339 2954 Fidenae
350 2893 675 2982 sext03Veientesnv1u.
686 2895 917 2958 milianicobsint..
927 2896 1087 2957 Coniunxc·

172 2984 237 3037 runt
248 2995 280 3036 se
291 2977 336 3036 bis
347 2986 376 3037 et
390 2976 499 3038 Volsci.
533 2977 591 3038 Sed
609 2979 753 3040 Mamerco
765 2980 886 3042 Aemilio
905 2980 1042 3041 dictatore
1059 2990 1089 3040 et

171 3059 202 3122 L.
215 3060 331 3134 Quintio
346 3059 510 3138 Cincinnato
522 3065 657 3140 magistro
668 3066 792 3142 equiturn
804 3067 872 3125 victi
892 3067 975 3126 etiem
988 3081 1087 3141 regern

172 3142 364 3223 perdiderunt.
397 3143 522 3205 Fidenae
535 3155 637 3225 eaptue
648 3156 677 3208 et
689 3151 814 3209 excisae.

104 3250 161 3296 nu.
237 3227 322 3288 cnr.
335 3226 399 3289 XX.
415 3226 553 3310 (XVIII.)
580 3229 649 3291 Post
665 3250 705 3292 xx
721 3230 823 3292 delnde
840 3249 929 3294 annos
939 3231 1088 3291 Veientani

109 3316 149 3362 ⁸¹0
172 3311 391 3372 rebellaverunt.
414 3311 543 3373 Dictator
554 3323 652 3375 contm
663 3317 743 3393 ipsos
755 3319 859 3376 missus
870 3315 1022 3375 estllurius
1034 3312 1087 3374 Gn-

171 3393 277 3471 mlllus,
287 3397 335 3474 qui
348 3397 466 3474 primum
477 3414 529 3457 eos
543 3400 613 3459 uicit
623 3401 695 3475 ecio,
708 3416 775 3460 mcx
788 3401 872 3482 etium
883 3400 1026 3459 civitaten
1040 3398 1087 3457 diu
