2318 3818
435 185 658 243 tlonnvul.
774 233 777 237 1
962 179 1004 247 55

89 354 127 413 tis
144 351 355 429 septuagesimo
370 359 400 409 et
410 349 499 410 altero
515 366 603 451 auno,
628 358 713 427 atque
734 351 806 410 inter
819 348 910 410 Divos
930 349 1003 413 rele-

89 447 135 497 tus
158 445 211 495 est.

154 520 240 579 Car».
253 517 293 576 ll.
314 517 461 577 Successit
474 535 501 577 er
493 516 613 594 Ulpius
625 513 748 577 Crinitus
760 517 905 593 Traianus,
921 528 1003 579 natus
1018 547 1023 559 ·

89 603 204 664 Italicae
215 600 395 679 inHispania,
409 601 512 661 familia
523 601 916 680 antiquamegisquamclara
932 601 1004 662 Nam

88 697 171 768 pater
177 704 240 746 erus
246 704 352 764 pnnrus
364 683 463 744 consul
475 684 536 745 luit
558 683 813 764 Imperatorautem
820 685 894 764 apud
900 685 1003 765 Agup

89 774 183 851 pinam
202 772 230 829 in
243 769 331 829 Gallis
348 769 440 829 iactus
450 778 511 828 est.
545 769 617 829 Rem
629 769 789 848 publicam
780 779 820 831 uta
830 769 1003 830 administra·

88 858 140 931 vit,
161 864 190 914 ut
201 855 331 914 omnibus
342 853 516 940 principibus
526 855 626 915 mento
641 848 826 932 praeferatur.
848 851 1002 914 Inusitatae
1074 851 1079 856 ’

88 939 232 999 civilitatis
249 947 278 997 et
294 937 465 997 fortitudinis
476 927 537 998 luit.
570 937 713 998 Romaui'
705 940 828 1017 imperii,
849 937 925 1016 quod
937 947 1004 1016 post

87 1023 247 1101 Augustum
258 1021 407 1081 defensum
423 1023 512 1099 magis
532 1021 624 1082 iuerat
640 1040 723 1100 quam
739 1022 872 1082 nobiliter
890 1021 1005 1100 amplia·
1053 1070 1058 1078 .

88 1117 168 1183 tum,
183 1106 254 1166 lines
267 1105 355 1183 longe
366 1103 479 1191 lateque
495 1105 613 1182 diffudit.
640 1106 734 1166 Urbes
748 1115 825 1166 mans
836 1105 984 1167 Rhenum
976 1124 1004 1164 m
1026 1129 1053 1171 p

89 1188 237 1251 Germania
247 1191 397 1266 reparavit
427 1189 696 1251 Daciamllecebalo
707 1191 784 1251 victo
798 1191 923 1269 subegit,
937 1205 1001 1272 pro·
1014 1197 1070 1242 c-N·
1146 1197 1151 1210 ·

87 1277 181 1334 vincia
197 1281 272 1333 mens
289 1272 447 1333 Danubium
462 1274 567 1334 iacta
558 1294 587 1333 m
604 1276 640 1335 iis
657 1276 744 1352 agris,
766 1292 839 1373 quos
853 1292 927 1334 nuno
938 1269 1000 1334 Tai-
1021 1267 1064 1309 ¹⁰⁶·
1136 1325 1140 1332 .

89 1358 165 1437 phali
182 1357 301 1433 babent,
320 1357 442 1435 Victuali
457 1367 486 1416 et
499 1357 662 1436 Theruingi.
675 1357 732 1418 Ea
745 1360 890 1436 provincia
905 1357 1002 1417 decies

91 1451 212 1502 centena
221 1402 301 1500 milia,
308 1457 443 1518 passuum
456 1442 616 1500 incircuitu
629 1443 726 1501 tenuit

152 1525 238 1585 Gar.
263 1522 315 1583 ΙΙΙ.
337 1523 506 1623 Anneniam,
520 1534 824 1604 quamaccupavsrant
837 1523 941 1601 Parthi,
957 1544 1002 1585 re·
1026 1541 1054 1583 ι.

89 1610 166 1688 cepit
180 1608 382 1669 Parthamasire
400 1610 514 1686 occiso,
533 1611 582 1687 qui
597 1627 659 1669 eam
670 1611 792 1670 tenebat.
828 1608 944 1670 Albanis
957 1628 1002 1669 re·
1014 1610 1069 1657 Μ·

87 1712 154 1772 gem
166 1692 251 1753 dedit.
274 1691 420 1753 lberorum
433 1711 531 1771 regem
547 1703 576 1753 et
587 1694 810 1755 Sauromatarum
821 1703 850 1753 et
860 1672 1002 1772 Bos'pora-
1020 1680 1064 1723 ¹¹⁴·

88 1796 187 1838 norum
198 1785 227 1837 st
238 1775 362 1836 Arabum
373 1786 402 1836 et
418 1774 630 1837 Osdroenorum
649 1787 678 1837 st
689 1775 884 1853 Colchorum
875 1797 903 1837 m
921 1777 1004 1837 fidem

89 1863 210 1938 accepit.
232 1858 399 1920 Corduenos
407 1858 554 1936 ,blandan
574 1859 676 1920 Medos
689 1863 842 1939 occupavit
857 1860 1004 1920 etAnthe·

88 1947 216 2020 musiam,
234 1962 363 2022 magnam
374 1943 498 2003 Persidis
510 1946 675 2029 regionem,
693 1944 854 2004 Seleuciam
869 1954 897 2004 et
912 1942 1004 2004 Ctesi·
1048 1969 1053 1976 ·

89 2030 233 2109 phontem,
246 2027 422 2107 Babylonem
435 2037 463 2086 ct
473 2027 636 2089 Messenios
650 2030 719 2088 vicit
733 2047 767 2088 ac
779 2029 876 2089 tenuit.
905 2027 1005 2107 Usque

89 2114 125 2173 ad
135 2111 231 2172 lndiae
244 2113 314 2172 lines
326 2122 355 2171 et
366 2131 442 2173 mare
456 2113 570 2189 rubrum
584 2114 708 2173 accessit
718 2122 803 2192 atque
816 2113 860 2173 ibi
867 2121 925 2172 tres
937 2128 1002 2192 pro

87 2215 196 2257 mucias
208 2195 912 2276 lecrt,Armeniam,Assvnam,blesopotam1am,
940 2215 1003 2256 cum

89 2265 284 2380 lingentibus,
305 2280 536 2359 quaelladenam
549 2283 697 2357 attingunt.
715 2280 961 2358 Arabimnpostea
975 2282 1003 2339 in
1098 2304 1101 2309 ·

89 2367 254 2444 provinciae
269 2365 387 2423 formam
401 2364 523 2440 redegit.
556 2363 588 2423 ln
599 2366 667 2423 mari
686 2364 771 2424 rubro
791 2363 933 2423 classem
924 2366 1002 2423 mati

89 2451 151 2524 tuit,
168 2457 198 2507 ut
211 2465 264 2525 por
275 2465 337 2507 eam
347 2445 444 2507 Indiae
459 2448 530 2507 lines
543 2455 677 2506 vastaret.

152 2532 237 2592 Cur.
247 2529 298 2594 lV.
314 2529 438 2591 Gloriam
448 2540 542 2592 tamen
554 2531 701 2591 militarem
716 2531 850 2592 civilitate
863 2541 892 2591 et
905 2530 1002 2591 mods·

51 2637 57 2651 ·
89 2617 198 2677 ratione
218 2617 378 2695 superavit,
401 2616 554 2676 Romaest
574 2617 799 2695 perprovincias
811 2615 959 2702 aequalem
971 2633 1004 2676 se

89 2702 219 2762 omnibus
240 2701 388 2777 exhibens,
411 2703 519 2761 amicos
541 2699 679 2761 salutandi
701 2717 802 2760 caussa
821 2685 1004 2797 frequentans

89 2783 137 2844 vel
148 2795 328 2862 aegrotantes
343 2784 391 2844 vel
410 2803 474 2844 cum
493 2784 585 2845 iestos
600 2784 663 2844 dies
674 2784 908 2880 habuissent,
872 2799 908 2841 oo
909 2784 956 2842 nvi
987 2801 1004 2846 a

92 2886 155 2927 cum
169 2867 271 2928 iisdem
284 2869 500 2929 indiscretae
453 2887 472 2926 v
464 2885 580 2952 Qun
595 2868 719 2944 habens,
737 2869 860 2945 scepei
887 2868 1002 2927 veicu-

89 2951 230 3012 liseorum
241 2951 356 3030 sedens,
369 2952 475 3012 nullum
485 2960 645 3012 senatorum
654 2912 780 3051 laedens,
792 2950 850 3011 nih
872 2942 1004 3016 iniustum

91 3034 127 3095 ad
141 3035 299 3113 aagendam
312 3035 411 3095 liscum
424 3054 529 3114 agens,
556 3036 708 3096 liberalis
699 3055 728 3095 ru
740 3043 873 3113 cunctos,
889 3035 1004 3114 publice

90 3121 278 3199 privatimque
292 3119 382 3181 ditum
399 3137 498 3181 omnes
514 3129 542 3180 et
552 3121 709 3182 honoribus
724 3138 849 3199 augens,
867 3136 940 3198 quos
956 3118 1004 3178 vel

89 3203 227 3265 mediocri
243 3203 428 3265 familiaritate
446 3207 642 3283 cognovisset,
668 3205 767 3267 orbem
781 3214 916 3266 terrarum
928 3201 1003 3262 aedi·

90 3288 188 3366 licens,
212 3287 314 3350 multas
324 3289 510 3349 immunitates
525 3290 685 3350 civitatibus
697 3290 839 3365 tribuens,
867 3285 1003 3349 nihilnon
1108 3310 1120 3367 ¹,

90 3372 308 3452 tranquillumet
319 3372 461 3452 placidum
471 3391 576 3451 mens,
595 3373 671 3435 adeo
691 3383 722 3434 ut
737 3374 812 3434 omni
828 3373 891 3433 eius
911 3379 1006 3433 aetate
