2318 3818
88 205 89 208 ’
188 179 229 245 18
430 189 432 195 ’
524 184 762 242 EUTROPII

185 363 241 410 rex,
257 349 333 399 ludos
343 355 483 413 spectatum
493 348 601 398 Romam
610 350 687 400 venit.
711 347 735 398 2.
747 348 845 398 Bellum
855 347 1013 414 Ligusticum
1022 351 1108 402 fclici-

187 425 225 468 tcr
238 425 339 484 gestum
356 425 490 480 metusque
501 416 589 467 Punici
602 418 725 467 sublatus.
749 415 776 470 3.
789 415 873 467 Otium
888 432 935 482 per
953 421 1040 470 orbem
1053 419 1107 470 Ro-

186 501 296 536 manum.
320 483 346 538 4.
357 485 454 535 Bellum
472 485 605 551 Illyricum.
629 487 654 538 5.
666 483 691 537 6.
708 485 799 536 Clades
812 484 941 536 Gallorum
959 490 986 538 in
1003 489 1107 539 Italiam

186 556 385 619 irrumpentium.
410 552 426 606 7
441 583 461 592 -
473 551 516 604 23.
535 554 632 605 Bellum
643 555 759 605 lotricum
778 563 802 604 et
817 554 940 606 Punicum
952 559 1104 618 secundum,

185 623 262 673 variis
274 624 421 687 regionibus
433 632 457 672 et
468 638 552 672 remum
563 624 779 674 vicissitudinibus
797 632 904 689 gestum.

250 691 336 756 Gar.
351 690 374 751 1.
396 690 489 752 Finito
501 692 588 769 igitur
597 691 703 752 Punico
715 691 804 769 bello,
819 692 897 771 quod
910 710 962 770 pcr
972 712 1042 753 xum
1054 712 1106 754 an·

85 826 123 843 ,,.
184 788 238 834 nos
248 783 368 835 tractum
383 784 443 852 est,
461 775 580 836 Romani
596 779 651 836 iam
669 776 825 836 clarissima
838 776 930 855 gloria
946 779 1006 838 noti
1021 777 1105 856 lega·

184 867 231 919 tos
243 859 278 918 ad
289 857 491 937 Ptolemaeum,
506 857 633 938 Aegypti
645 878 755 938 regem,
769 854 1020 921 miserunt‘auxilia
1035 879 1105 939 pro·

184 945 342 1021 mittentes,
367 945 432 1023 quia
448 961 501 1003 rex
514 944 614 1019 Syriae
624 943 782 1005 Antiochus
797 947 825 1004 ai
836 943 942 1004 bellum
958 943 1106 1006 intulerat.

183 1025 237 1086 Ille
250 1029 355 1105 gratias
368 1027 503 1088 Romanis
518 1029 594 1106 egit,
611 1027 713 1088 auxilia
724 1046 781 1088 uon
795 1030 917 1107 accepit.
950 1027 1009 1088 Iam
1026 1031 1107 1089 enim

67 1170 72 1180 ,
184 1110 277 1170 iuerat
295 1128 389 1188 pugna
408 1120 557 1171 transacta.
597 1110 707 1172 Eodem
731 1122 861 1192 tempora
886 1114 1106 1191 potentissimus

184 1211 237 1253 rex
255 1193 371 1254 Siciliae
387 1193 475 1255 Hiero
495 1195 614 1255 Romam
631 1198 708 1255 venit
725 1196 760 1256 ad
778 1195 861 1257 ludos
882 1196 1055 1275 spectandos
1075 1206 1107 1258 et

185 1276 307 1338 ducenta
322 1277 399 1338 milia
410 1278 568 1338 modiorum
580 1281 666 1339 tritici
681 1274 1054 1358 pdp'iild'donum'exbibnii.

127 1393 182 1437 gn,
249 1363 335 1424 Car.
352 1361 388 1424 11,
422 1363 454 1423 L.
474 1362 609 1424 Cornelio
625 1363 759 1440 Lentulo,
779 1362 879 1423 Furio
895 1361 1000 1422 Flacco
1021 1381 1106 1424 coss.

127 1459 173 1505 ms.
184 1448 287 1525 quibus
298 1447 389 1507 Hiero
400 1447 519 1508 Romam
533 1458 665 1525 venerat,
690 1450 773 1509 ctiam
789 1456 887 1508 contra
897 1446 1015 1525 Ligures
1030 1448 1107 1512 intra

184 1529 291 1591 ltaliam
308 1530 415 1589 bellum
428 1540 541 1607 gestum
557 1536 601 1590 e'st
612 1541 641 1590 et
652 1532 688 1590 dc
699 1532 744 1591 his
756 1533 963 1610 triumphatum.
985 1529 1106 1592 Cartba-

183 1616 328 1690 ginienses
339 1621 398 1670 tum
409 1612 515 1670 bellum
527 1629 660 1690 reparare
671 1615 816 1673 tentabant
830 1615 1039 1691 Sardinienscs,
1054 1618 1106 1693 qui

183 1713 220 1755 cx
231 1694 400 1754 condicione
416 1697 495 1772 pacis
510 1694 645 1754 Romanis
662 1712 762 1772 parere
780 1695 936 1772 debebant,
958 1697 993 1756 ad
1006 1698 1104 1758 rabel·

182 1778 295 1839 landum
316 1777 507 1857 impellentes.
545 1779 629 1838 Venit
645 1787 737 1838 tamen
756 1778 863 1858 legatio
888 1779 1105 1858 Carthaginien·

184 1865 256 1924 sium
266 1862 385 1923 Romam
398 1872 428 1923 ct
446 1882 546 1942 pacem
560 1866 728 1942 impetravit.

118 1962 176 2013 uu,
247 1949 333 2008 car.
345 1946 397 2007 111.
431 1947 464 2008 Τ.
477 1948 583 2009 Manlio
594 1947 755 2028 Torquato,
772 1946 805 2008 0.
816 1947 904 2010 Atilio
915 1949 1007 2010 Bulbo
1022 1967 1103 2011 coss.

123 2028 160 2075 ⁵¹⁷
185 2031 221 2090 dc
238 2032 335 2090 Sardis
351 2032 549 2109 triumphatum
567 2043 627 2108 est,
649 2042 678 2092 ct
698 2050 771 2110 pace
787 2033 917 2094 omnibus
935 2034 1007 2094 locis
1024 2033 1104 2095 facta

182 2112 301 2173 Romani
312 2113 418 2174 nullum
434 2114 541 2175 bellum
557 2116 729 2191 babuerunt,
754 2116 831 2194 quod
843 2118 887 2176 his
899 2127 966 2195 post
981 2117 1104 2178 Romam

182 2197 323 2258 conditam
339 2198 429 2258 semel
442 2207 558 2276 tantum,
577 2198 668 2260 Numa
678 2197 817 2278 Pompilio
834 2211 986 2279 regnante,
1010 2203 1103 2261 conti-

180 2290 272 2360 gerat.

112 2403 168 2516 ἵζ’
181 2367 271 2510 melu}
278 2365 1100 2530 ἷξεεΙ1»ᾱ11ιιιι1ῗοιιιιιιᾚ1ῗιγ11ιὲῒέἓέεξὲιηῗῖιινιίιῗιῖιιῖθοῖινῗ

116 2542 173 2584 Mt·
182 2533 285 2593 tatibus
305 2535 396 2610 captis
412 2537 495 2594 etiam
510 2554 597 2612 reges
613 2539 642 2594 in
658 2536 830 2596 deditionem
841 2547 1022 2615 acceperunt.
1055 2537 1102 2597 Ac

123 2608 168 2652 ⁵²⁴·
181 2625 239 2676 tum
254 2619 373 2694 primum
384 2615 421 2677 de
434 2614 538 2693 illyriis
551 2618 749 2696 triumphatum
764 2629 818 2679 est.

120 2728 176 2772 gu,
242 2701 331 2762 Gar.
346 2699 381 2762 V.
395 2699 464 2783 (il.)
488 2700 520 2761 t.
531 2701 695 2761 Aemili0**
714 2720 791 2762 coss.
808 2705 938 2780 ingentes
955 2704 1101 2766 Gallorum

125 2795 172 2839 saa.
182 2786 284 2863 copiae
291 2785 382 2862 Alpes
395 2789 573 2847 bansicrunt.
595 2786 654 2846 Sed
665 2804 717 2864 pro
729 2786 864 2846 Romanis
874 2797 933 2849 tota
941 2788 1100 2851 ltaliacou-

179 2870 281 2944 sensit,
297 2868 487 2947 traditumque
499 2879 543 2929 est
554 2889 570 2930 a
580 2869 670 2930 Fabio
682 2872 831 2946 historico,
852 2875 899 2950 qui
917 2875 944 2933 ci
960 2872 1039 2933 bello
1056 2877 1100 2934 in-

178 2951 285 3028 terluit,
302 2973 378 3014 accc
396 2953 473 3013 milia
488 2954 630 3013 hominum
651 2964 747 3032 parata
764 2954 799 3016 ad
818 2955 847 3015 id
866 2956 972 3016 bellum
995 2958 1098 3019 luisse.

179 3033 237 3095 Sed
247 3053 295 3095 res
308 3054 360 3113 per
373 3037 521 3097 consulem
534 3045 639 3097 tantum
650 3056 792 3117 prospere
808 3049 892 3118 gesta
909 3050 962 3100 est.
994 3061 1033 3102 xn
1045 3045 1098 3102 mi·

177 3116 217 3179 lia
227 3119 350 3179 hostium
362 3121 512 3181 interiecta
524 3130 588 3181 sunt
602 3131 630 3181 et
640 3123 797 3201 triumphus
809 3123 931 3183 Aemilio
951 3125 1097 3186 decretus.

243 3204 330 3264 Gar.
348 3202 397 3263 Vl.
428 3204 546 3282 Aliquot
565 3205 667 3265 deinde
684 3209 763 3267 annis
785 3216 853 3285 post
877 3217 974 3267 contra
997 3206 1097 3270 Gallos

119 3287 251 3348 naintra
261 3285 369 3347 ltaliam
381 3298 534 3364 pugnatum
546 3299 600 3365 est,
614 3290 776 3370 finitumque
789 3299 833 3351 cst
846 3291 952 3352 bellum
964 3291 1003 3351 M.
1011 3290 1097 3353 Clau·

125 3369 228 3429 ⁶³⁰·dio
243 3370 391 3448 Marcello,
405 3369 457 3431 Gn.
474 3369 608 3432 Cornelio
620 3375 757 3454 Scipione
769 3392 847 3435 coss.
880 3373 959 3436 'lunc
973 3374 1095 3439 Marcel·
