2318 3818
102 141 124 177 ‚-

171 212 213 276 30
516 215 735 272 EUTROPII
831 257 834 263 .

172 389 216 440 tur
233 377 428 457 ignominiam,
452 397 507 457 qua
524 396 539 437 a
556 377 730 437 Numantinis
746 377 791 437 bis
802 374 921 437 Romani
942 380 1092 441 exercitus

173 465 283 523 inerant
305 462 462 539 subiugati‚
491 461 521 519 P.
541 461 639 539 Scipio
657 459 808 519 Anicanus
834 460 961 521 seeundo
984 464 1093 524 consul

103 557 159 599 MJ-
172 548 263 607 iactus
276 555 305 604 et
316 544 352 604 ad
358 544 534 606 Numantiam
549 547 652 603 missus
666 552 720 602 est.
743 542 771 602 ls
785 547 904 622 primum
914 544 1032 605 militem
1044 550 1091 607 vi·

106 623 152 666 ⁶¹⁸·
169 633 273 689 tiosum
290 637 318 687 et
334 630 465 705 ignavum
484 627 646 688 exercendo
661 629 751 704 magis
768 645 851 705 quam
862 629 1005 706 puniendo
1024 634 1091 692 sine

170 712 263 791 aliqua
276 713 431 772 acerbitate
444 714 578 788 correxit,
596 720 654 769 turn
672 709 773 770 multas
787 711 939 788 Hispaniae
955 715 1091 773 civitates
1132 783 1136 791 Ι

170 798 270 874 partim
281 796 359 855 bello
372 798 459 873 oepit,
472 798 572 873 partim
584 797 612 854 in
618 794 789 854 deditionem
801 797 924 872 accepit,
939 806 1090 873 postremo

170 883 261 959 ipsam
272 880 460 955 Numantiam,
480 880 526 938 diu
539 879 702 953 obsessam,
726 878 800 938 farne
813 879 938 939 confecit
950 889 1005 940 eta
1020 882 1090 941 solo

171 966 283 1041 evertit,
297 962 434 1041 reliquam
446 964 619 1041 provinciam
631 963 659 1021 in
671 961 754 1021 sidem
766 964 888 1041 accepit.

236 1069 322 1129 Cur.
338 1065 442 1127 XVIII.
475 1067 519 1127 Eo
535 1077 665 1145 tempore
682 1067 792 1127 Attalus
805 1087 857 1129 rex
867 1068 970 1144 Asiae,
996 1066 1091 1128 frater·

170 1152 320 1227 Eumenis,
344 1161 471 1210 mortuus
494 1160 539 1211 est
554 1151 746 1230 heredemque
769 1153 905 1230 populum
927 1152 1090 1213 Romanum
1143 1149 1146 1152 ⁴

171 1236 293 1313 reliquit.
324 1233 366 1294 lta
381 1238 505 1312 imperio
516 1235 645 1295 Romano
666 1251 718 1312 per
735 1244 932 1295 testamentum
948 1235 1017 1294 Asia
1037 1254 1088 1295 ae·

173 1322 271 1378 cessit.

108 1429 163 1471 MJ-
233 1426 317 1485 Gur.
329 1423 407 1484 XIX.
424 1422 492 1484 Nox
506 1427 589 1483 etiam
601 1425 736 1484 Decimus
749 1422 844 1483 Iunius
854 1423 957 1483 Brutus
970 1422 1005 1480 de
1019 1421 1089 1483 Gal·

118 1496 258 1569 ⁶2⁰·laecis
275 1518 304 1567 et
319 1508 458 1568 Lusitanis
475 1508 655 1584 triumphavit
674 1527 774 1584 magna
791 1508 893 1585 gloria.
921 1506 957 1566 Et
971 1505 1002 1564 Ρ.
1021 1504 1089 1566 Sci-

171 1595 219 1670 pio
235 1591 385 1650 Africanus
408 1591 443 1648 de
460 1589 635 1647 Numantinis
658 1589 813 1648 seeundum
833 1591 1003 1668 triumphurn
1024 1593 1091 1670 egit

169 1694 226 1734 xiv.
243 1690 315 1734 anno
328 1681 403 1749 post,
419 1689 502 1750 quam
514 1673 637 1746 priorem
652 1671 687 1730 de
699 1671 797 1730 Airica
808 1681 915 1748 egerat.

234 1778 318 1840 Gur.
331 1775 394 1837 XX.
416 1774 523 1835 Notum
539 1777 650 1835 interim
666 1778 694 1835 in
709 1775 778 1834 Asia
792 1775 897 1835 bellum
912 1785 956 1834 est
972 1776 1007 1835 ah
1019 1777 1089 1840 Ari·

171 1864 282 1924 stonioo
294 1861 429 1921 Eumenis
445 1860 519 1936 filio,
534 1862 581 1937 qui
594 1861 799 1920 exconcubina
815 1869 967 1938 susceptus
979 1861 1099 1943 fuerat„

110 1948 199 2010 auls
222 1946 364 2007 Eumenes
386 1945 472 2005 irater
491 1943 577 2003 Attali
599 1945 699 2005 iuerat.
730 1943 876 2004 Adversus
893 1963 958 2003 eum
977 1947 1088 2006 missus

119 2031 301 2110 62¹·ponufex
316 2028 347 2087 P.
363 2028 485 2087 Licinius
498 2027 617 2088 Crassus
633 2030 740 2088 infinita
751 2047 849 2106 regum
861 2030 957 2089 habuit
969 2030 1085 2090 auxilia.

170 2115 241 2175 Num
259 2122 287 2171 et
302 2112 449 2186 Bithyniae
466 2130 517 2170 rex
532 2111 706 2170 Nicomedes
718 2112 861 2172 Romanos
877 2114 961 2188 iuvit,
985 2121 1013 2171 et
1029 2111 1085 2172 Ni·

169 2196 305 2258 thridates
326 2192 470 2272 Ponticus,
490 2213 552 2253 oum
569 2211 626 2273 quo
642 2194 748 2254 bellum
766 2205 868 2272 postea
884 2192 1086 2274 gravissimum

170 2283 239 2357 fuit,
263 2289 292 2339 et
306 2279 469 2339 Ariarathes
482 2277 654 2357 Cappadox,
671 2288 699 2338 et
710 2278 894 2354 Pylaemeues
906 2279 1084 2358 Paphlagon.

86 2425 90 2431 ,
169 2365 269 2425 Viotus
281 2372 325 2423 est
341 2361 559 2423 tamenGrassus
572 2366 600 2423 in
615 2363 725 2442 proelio
743 2372 771 2422 et
783 2364 959 2424 interiectus.
989 2361 1086 2441 Caput

172 2452 233 2509 eius
249 2448 411 2507 Aristonico
435 2447 557 2508 oblatum
581 2458 638 2526 est,
660 2466 765 2525 eorpus
778 2448 912 2524 Smyrnae
928 2446 1084 2525 sepultum.

107 2545 164 2590 Ao.
172 2532 275 2590 Postea
291 2530 443 2607 Perperna,
460 2530 560 2590 consul
570 2531 725 2607 Romanus,
743 2534 790 2610 qui
808 2549 963 2592 successor
973 2531 1084 2591 Crasso

109 2615 154 2658 ⁶2²·
172 2614 319 2689 veniebat,
342 2612 436 2672 audita
455 2613 524 2688 belli
539 2614 651 2674 fortuna
667 2616 702 2673 ad
716 2615 813 2675 Asiam
826 2616 961 2677 celeravit
977 2624 1005 2673 et
1017 2613 1098 2676 acie¹

170 2701 275 2763 vietum
285 2697 475 2757 Aristonicum
486 2697 562 2775 apud
572 2699 751 2758 Stratonicen
763 2701 914 2776 civitatem,
928 2713 983 2778 quo
998 2698 1083 2777 iuge·

169 2793 221 2860 rat,
236 2781 308 2842 fame
320 2781 355 2841 ad
367 2780 538 2840 deditionem
551 2782 694 2860 compulit.
714 2781 893 2842 Aristonicus
905 2786 984 2843 iussu
998 2801 1084 2844 sena-

168 2876 214 2926 tus
226 2866 335 2925 Rornae
347 2867 375 2924 in
391 2882 507 2924 carcere
519 2865 706 2943 strangulatus
723 2875 776 2926 est.
812 2866 988 2946 Triumphari
1005 2869 1084 2926 enirn

170 2950 206 3009 de
229 2965 264 3008 eo
285 2966 343 3008 non
361 2957 484 3026 poterat,
505 2953 571 3027 quia
586 2949 729 3027 Perperna
746 2952 820 3027 apud
836 2951 1002 3029 Pergamum
1022 2950 1083 3010 Ro-

169 3052 242 3094 mam
252 3032 366 3092 rediens
378 3032 452 3092 diem
464 3033 582 3098 obierat.

111 3157 167 3197 nu.
236 3139 321 3199 (ira.
332 3136 410 3200 XXI.
437 3137 468 3197 L.
487 3138 613 3199 Caecilio
628 3137 747 3198 Metello
769 3148 798 3198 et
816 3138 848 3198 Τ.
866 3137 999 3212 Quinctio
1017 3137 1083 3200 Fla·

119 3223 276 3282 6iiminino
294 3239 371 3282 coss.
392 3221 532 3300 Carthago
552 3226 580 3283 in
595 3223 693 3283 Africa
713 3226 793 3283 iussu
816 3232 930 3282 senatus
951 3232 1084 3300 reparata

170 3316 226 3385 est,
239 3325 312 3387 quae
322 3324 395 3366 nunc
408 3315 511 3384 munet,
530 3310 610 3367 annis
623 3306 732 3367 duobus
749 3317 777 3366 et
789 3308 890 3385 viginti
902 3316 983 3385 post,
997 3325 1085 3385 quarn

168 3391 332 3470 aSoipione
348 3390 439 3451 iuerat
452 3407 561 3452 euersa.
586 3391 708 3452 Deduoti
724 3408 760 3450 eo
773 3399 837 3451 sunt
857 3393 936 3450 cives
950 3391 1083 3452 Romani.
