2318 3818
149 189 192 252 42
498 186 720 245 EUIROPII

152 356 244 435 ceptis
264 352 463 433 stipendiarios
484 353 563 412 iecit.
599 349 706 411 Galliae
725 358 818 410 autem
837 349 932 409 tributi
952 351 1074 412 nomine

151 457 271 500 annuum
287 433 437 515 imperavit
453 438 616 496 sestertium
632 434 877 513 quadringenties,
898 431 1072 494 Germanos·

152 542 208 603 que
224 531 300 582 trans
315 521 445 581 Rhenum
456 537 612 598 aggressus
627 519 835 577 immanissimis
851 516 969 594 proeliis
987 519 1071 580 vicit.

38 627 42 631 ·
150 606 227 666 Inter
237 614 280 665 tot
291 623 445 664 successus
456 614 500 663 ter
513 603 587 664 male
598 603 749 680 pugnavit,
774 600 849 679 apud
860 600 1006 661 Amernos
1023 620 1071 661 se·

149 689 206 748 mel
218 707 354 767 praesens
369 698 398 748 et
409 690 512 749 absens
529 690 556 747 in
569 685 717 746 Germania
734 685 789 747 bis.
814 683 885 743 Nam
902 684 989 761 legati
1006 688 1072 745 eius

82 837 92 854 ,
151 773 218 849 duo,
235 772 357 832 Titurius
370 783 399 832 et
409 770 627 846 Aurunculeius,
642 788 694 847 per
704 769 820 829 insidias
832 771 910 827 caesi
922 777 995 829 sunt.

217 858 302 917 Cas.
320 854 424 915 XVIII.
438 856 532 935 (XV.)
557 852 641 914 Otroa
654 853 754 913 eadem
765 862 909 929 tempora,
930 869 1003 912 anno
1023 870 1070 914 ur·

83 970 137 1011 Μ),
151 938 655 1007 bisconditaeucucvrr,illicimus
664 936 794 1013 Crassus,
804 935 917 1013 collega
925 933 1070 996 (indom-

92 1037 139 1080 oor.
151 1027 208 1102 peii
224 1023 318 1100 Magni
336 1026 364 1083 in
384 1021 531 1083 consulatu
550 1021 693 1096 secundo,
711 1030 807 1081 contra
827 1018 945 1079 Parthos
961 1021 1071 1080 missus

81 1108 136 1148 Ml·
151 1117 204 1183 est,
218 1116 321 1166 etcum
333 1108 408 1166 circa
421 1105 522 1166 Carras
535 1114 632 1165 contra
644 1109 736 1165 omina
753 1113 781 1164 et
796 1104 923 1181 auspicia
935 1102 1070 1163 dimicas·

92 1174 138 1234 ⁸9⁹·
150 1200 205 1265 set,
227 1209 243 1249 a
261 1190 384 1266 Surena,
409 1190 513 1249 OrodIs
532 1191 611 1267 regis
631 1189 715 1264 duco,
739 1190 832 1248 victus
844 1187 879 1248 ad
891 1196 1071 1265 postremum

149 1273 316 1333 Interiectus
328 1282 373 1332 est
384 1291 447 1332 cum
460 1273 536 1350 lilio,
557 1273 714 1332 clarissimo
729 1281 757 1331 et
769 1273 1013 1350 praestantissimo
1025 1273 1070 1331 iu-

148 1375 233 1417 vene.
253 1356 403 1436 Reliquiae
416 1359 559 1417 exercitus
570 1354 803 1435 per0.(lassium
813 1364 995 1435 quaestorem
1006 1373 1071 1414 ser·

148 1450 230 1502 vatao
243 1450 324 1517 sunt,
344 1445 392 1518 qui
413 1441 548 1519 siugulari
566 1443 657 1501 animo
669 1440 793 1518 perditas
809 1459 856 1500 res
875 1448 949 1498 tanta
962 1440 1071 1499 virtute

148 1527 287 1599 restituit,
313 1533 343 1583 ut
353 1525 454 1585 Persas
466 1524 579 1583 rediens
591 1534 667 1584 trans
677 1524 849 1601 Euphmtem
862 1523 969 1582 crebris
981 1539 1071 1600 proe-

74 1608 80 1619 '
148 1606 194 1664 liis
204 1609 343 1665 vinceret.
683 1614 687 1631 ¹

213 1689 301 1748 cns.
315 1687 393 1748 XIX.
408 1687 515 1768 (XVI.)
542 1688 613 1747 Hinc
629 1690 683 1746 iam
696 1686 802 1746 bellum
818 1686 901 1746 civile
925 1691 1072 1751 successit

151 1771 354 1832 exsecrandum
363 1780 391 1831 et
401 1771 585 1847 lacrimabiIe,
599 1788 655 1850 quo
671 1780 783 1848 praeter
792 1770 976 1848 calamitates,
992 1790 1070 1850 quae

149 1858 178 1916 in
195 1856 311 1934 proeliis
329 1855 507 1931 acciderunt,
532 1857 615 1915 ctiam
630 1854 728 1933 populi
743 1854 862 1915 Romani
879 1854 991 1914 iortuna
1007 1874 1070 1916 mu·

150 1949 206 2001 tata
218 1949 271 1999 est.
304 1938 410 1999 Caesar
426 1942 500 1998 onim
515 1938 629 2000 rediens
642 1958 678 1999 ex
690 1937 779 1998 Gallia
789 1940 883 1998 victor
900 1941 999 2016 coepit
1014 1955 1070 2017 po·

151 2042 233 2082 scere
251 2023 369 2082 alterum
394 2023 570 2083 consulatum
593 2033 677 2101 atque
701 2025 755 2099 ita,
784 2031 815 2101 ut
836 2024 897 2081 siae
920 2021 1069 2084 dubietate

151 2109 177 2165 ei
190 2107 283 2183 aliqua
295 2106 461 2165 doferretur.
483 2105 694 2166 Contradictum
706 2115 750 2164 est
760 2105 920 2165 alllarcello
933 2106 1069 2184 consule,

82 2240 129 2282 Au
151 2187 295 2265 aBibulo,
318 2187 494 2268 aPompeio,
507 2208 524 2250 a
539 2187 658 2265 catone,
681 2191 833 2269 iussusque
846 2190 969 2251 dimissis
982 2207 1069 2250 exer·

4 2281 8 2293 '
93 2266 138 2350 7'03]
150 2273 252 2333 citibus
262 2273 297 2332 ad
309 2272 407 2332 urbem
417 2272 520 2338 redire.
549 2271 669 2351 Pnopter
679 2291 763 2351 quam
774 2274 900 2333 iniuriam
912 2274 946 2334 ab
961 2272 1069 2334 Arimi·
1091 2334 1093 2338 ,

150 2373 203 2433 no,
221 2357 269 2417 ubi
287 2357 391 2416 milites
407 2366 600 2436 congregatos
617 2357 756 2433 habebat,
778 2356 928 2416 adversum
945 2358 1070 2436 patriam

150 2460 213 2501 cum
235 2443 460 2501 exercitavenit.
494 2440 634 2505 Consules
653 2459 723 2500 oum.
735 2439 1068 2519 Pompeiosenatusque

150 2525 240 2583 omnis
252 2532 337 2600 atque
348 2527 478 2583 universa
490 2525 622 2584 nobiIitas
630 2544 667 2584 ex
675 2525 747 2584 urbe
758 2525 831 2602 iugit
841 2533 871 2584 et
879 2523 1068 2587 inGraeciam

104 2621 114 2640 ·
148 2607 266 2666 transiit.
297 2605 382 2683 Apud
395 2604 523 2684 Epirum,
542 2607 747 2684 Macedoniam,
770 2608 905 2669 Achaiam
924 2607 1067 2687 Pompeio

148 2690 222 2764 duce
233 2699 347 2750 senatus
360 2699 457 2750 contra
469 2685 622 2751 Caesarem
636 2691 742 2751 bellum
752 2694 870 2771 paravit.

213 2774 300 2835 Ges.
321 2773 385 2835 XX.
412 2772 519 2834 Caesar
533 2793 651 2835 vacuam
666 2776 765 2835 urbem
783 2779 931 2854 ingressus
942 2775 1066 2837 dictato·

146 2877 207 2917 rem
224 2877 257 2917 se
272 2858 351 2917 iecit.
381 2857 451 2917 lnde
462 2858 613 2937 Hispanias
625 2861 716 2937 petiit.
748 2857 791 2919 lbi
806 2858 935 2937 Pompeii
950 2863 1065 2921 exerci-

146 2949 191 3000 tus
205 2941 396 3001 validissimos
412 2951 441 3001 et
448 2941 622 3003 fortissimos
629 2961 693 3004 oum
705 2944 794 3004 tribus
802 2943 932 3018 ducibus,
941 2940 1065 3005 balim·

145 3026 204 3099 nio,
226 3023 265 3082 bl.
277 3023 406 3101 Petreio,
421 3025 459 3085 II.
471 3022 610 3104 Varrone,
629 3030 783 3105 superavit.
819 3025 889 3088 Inde
908 3044 1065 3104 regressus

146 3109 175 3168 in
187 3105 332 3168 Graeciam
343 3113 467 3186 transiit,
486 3110 636 3170 adversum
646 3110 810 3190 Pompeium
825 3111 977 3172 dimicavit.
1002 3109 1065 3172 Pri·

146 3210 193 3252 mo
210 3191 321 3269 proelio
335 3194 427 3252 victus
438 3203 482 3255 est
495 3203 525 3253 et
535 3194 659 3272 fugatus,
677 3198 768 3256 evasit
777 3204 882 3272 tannen,
896 3197 961 3274 quia
975 3204 1066 3257 nocte

145 3276 351 3336 intervoniente
375 3276 525 3354 Pompeius
546 3279 629 3357 sequi
656 3278 762 3356 noluit,
788 3279 915 3358 dixitque
936 3276 1063 3357 'Caesam

145 3378 203 3421 neo
213 3358 388 3440 Pompeium
397 3363 479 3423 sor're
490 3363 633 3439 uincere,
647 3365 744 3425 stillo
756 3370 873 3426 tautum
887 3365 938 3424 die
956 3382 993 3426 ee
1002 3381 1064 3442 po·
