2318 3818
100 203 103 206 >
152 178 196 241 40
271 176 272 179 ‘
510 129 797 255 snrnorrrl

154 365 267 410 omnem
279 345 548 426 provinciamcepit,
560 343 780 423 appellatusque
791 342 973 407 estCreticus
985 357 1077 428 atque

84 460 140 503 nu,
154 451 191 494 ex
211 431 301 492 insula
324 428 513 506 triumphavit.
550 427 615 502 Quo
633 437 761 508 tempore
778 428 867 506 Libya
884 446 1001 510 quoque
1012 433 1075 494 Ro·

95 527 142 572 esc.
153 532 235 577 mano
246 515 365 592 imperio
380 529 432 591 per
445 520 643 572 testamentum
654 512 788 592 Apionis,
804 516 853 592 qui
864 533 916 574 rex
928 517 988 575 eius
1009 517 1074 577 lue·

151 607 204 676 rat,
218 599 352 673 accessit,
369 598 397 657 in
408 615 463 676 qua
474 595 598 656 inclutae
610 598 739 671 civitates
752 608 831 658 erant
841 597 991 675 Berenice,
1005 598 1074 661 l’to·

151 677 250 743 le'nrais
263 690 292 741 et
305 679 427 757 Cyrene.
653 726 654 729 ,

197 757 202 765 ’
219 767 306 827 Gar.
317 763 382 825 Xll.
392 763 458 845 (X.)
470 761 545 823 Dum
551 763 624 824 haec
635 773 781 842 geruntur,
794 767 902 842 piratae
908 769 1003 828 omnia
1014 788 1074 830 ma·

80 872 84 879 ·
151 853 192 913 ria
203 850 372 911 infestabant
388 852 442 924 ita,
467 857 497 906 ut
507 846 655 925 Romanis,
672 857 734 908 toto
746 849 817 908 orbs
828 851 994 927 victoribus,
1008 853 1075 915 sola

152 936 294 1014 navigatio
312 941 370 993 tuta
384 951 442 993 non
460 941 548 992 esset.
580 931 676 1005 Quare
694 932 723 991 id
740 932 847 992 bellum
866 932 919 997 Gn.
931 933 1073 1014 Pompeio

42 1019 59 1035 ''
84 1037 142 1080 nu.
152 1019 297 1080 decretum
312 1025 365 1077 est.
400 1016 485 1090 Quod
502 1018 573 1076 intra
591 1032 699 1094 paucos
710 1034 824 1076 menses
841 1020 948 1095 ingenti
965 1027 994 1078 et
1006 1019 1073 1080 leli·

90 1115 137 1161 cas.
154 1106 239 1164 citate
251 1111 280 1162 et
291 1100 438 1161 celeritate
451 1100 585 1160 coniecit.
613 1098 682 1160 Mox
694 1103 721 1160 ei
735 1100 858 1162 delatum
869 1101 974 1162 bellum
985 1106 1074 1164 etiam

155 1195 253 1248 eontra
265 1202 366 1262 regem
376 1182 556 1243 Mithridaten
568 1193 598 1243 et
609 1183 760 1262 Tigranen.
786 1184 852 1259 Quo
865 1196 1001 1264 suscepto
1018 1186 1073 1247 Mi·

152 1269 292 1331 thridaten
302 1270 330 1327 in
341 1266 474 1328 Armenia
485 1270 594 1327 minore
610 1277 749 1328 nocturno
763 1269 874 1346 proelio
885 1272 964 1347 vicit,
978 1281 1074 1332 castra

141 1353 277 1433 diripuit,
292 1351 475 1432 quadraginta
483 1351 596 1412 milibus
608 1354 670 1412 eius
686 1353 792 1412 occisis
806 1355 906 1430 viginti
917 1363 1024 1414 tantum
1035 1355 1074 1414 de

153 1440 281 1499 exercitu
293 1453 345 1497 suo
355 1435 477 1515 perdidit
488 1446 517 1497 et
529 1436 600 1496 duos
613 1438 805 1498 centuriones.
817 1436 994 1499 Mithridates
1007 1457 1075 1499 oum

150 1539 240 1584 uxore
252 1522 325 1599 fugit
337 1530 365 1581 et
377 1520 487 1580 duobus
500 1523 660 1580 comitibus.
682 1520 786 1601 Neque
797 1522 885 1582 multo
905 1532 985 1600 post,
1007 1541 1074 1582 oum

150 1608 179 1665 in
191 1622 259 1664 suos
272 1605 405 1677 saeviret,
418 1603 580 1678 Pharnacis,
594 1604 643 1662 lilii
655 1607 709 1679 sui,
727 1605 802 1681 apud
813 1605 916 1664 milites
928 1606 1075 1666 seditione

150 1686 186 1748 ad
200 1695 320 1746 mortem
339 1693 456 1744 coactus
474 1702 616 1744 venenum
633 1688 734 1745 hausit.
773 1685 855 1745 Hunc
875 1688 958 1746 linem
972 1689 1076 1750 habuit

80 1791 137 1833 nu.
151 1769 337 1830 Mithridates.
377 1766 463 1827 Periit
483 1776 578 1829 autem
593 1768 669 1847 apud
682 1768 860 1847 Bosporum,
884 1772 928 1829 vir
945 1774 1075 1849 ingentis

90 1859 136 1902 ⁶⁸⁸·
149 1854 303 1917 industriae
319 1852 499 1931 consiliique.
527 1850 670 1931 Regnavit
681 1856 759 1914 annis
772 1856 930 1930 sexaginta,
943 1857 1014 1915 vixit
1025 1875 1074 1916 se·

150 1935 1074 2019 ptuagintadnobus,eontrallomanoshellumhabuitannisque·

151 2023 199 2084 dra
222 2025 287 2083 inta.
526 2061 528 2065 ,

93 2135 148 2177 ΑΒ,
201 2043 268 2165 giis
276 2125 303 2163 r.
315 2103 394 2164 Xlll.
408 2102 490 2185 (111.)
504 2104 618 2181 Tigrani
631 2104 734 2164 deinde
744 2104 898 2184 Pompeius
910 2107 1018 2167 bellum
1030 2110 1073 2168 in·

90 2201 137 2258 oso.
149 2188 222 2248 tulit.
247 2185 300 2246 llle
312 2206 345 2248 se
360 2189 388 2246 ei
400 2187 493 2264 dedit,
516 2196 545 2248 et
565 2189 594 2247 in
613 2197 704 2250 eastra
720 2187 850 2267 Pompeii
862 2191 1072 2252 sextodecimo

149 2271 269 2332 miliario
283 2272 319 2331 ab
334 2271 468 2333 Artaxata
477 2273 570 2348 venit,
592 2289 627 2332 ae
638 2272 766 2334 diadema
778 2292 869 2352 suum,
890 2293 953 2335 cum
965 2291 1073 2352 procu·

148 2357 260 2417 buisset
281 2355 317 2416 ad
341 2374 434 2436 genua
457 2355 601 2434 Pompeii,
627 2358 655 2416 in
679 2358 806 2418 manibus
826 2360 882 2436 ipsi
905 2352 1071 2419 collocavit.

150 2439 236 2514 Quod
252 2443 279 2500 ei
297 2438 450 2519 Pompeius
465 2443 606 2518 reposuit,
624 2440 840 2521 honorificeque
860 2461 925 2502 eum
944 2442 1072 2503 habitum

148 2526 231 2601 regni
251 2533 344 2582 tamen
360 2533 440 2600 parta
458 2525 585 2584 multavit
604 2534 633 2583 et
649 2525 748 2603 grandi
767 2529 897 2603 pecunia.
927 2525 1072 2605 Adempta

150 2616 195 2667 cst
208 2608 234 2666 ei
248 2607 340 2682 Syrie,
352 2604 509 2684 Phoenice,
528 2608 681 2685 Sophene,
701 2626 754 2667 sex
770 2609 846 2670 milia
858 2618 1009 2688 praeterea
1028 2618 1070 2671 ta·

148 2691 289 2750 lentorum
300 2691 426 2768 argenti,
448 2707 521 2769 quae
538 2690 646 2769 populo
665 2690 791 2752 Romano
804 2692 900 2771 daret,
925 2693 991 2772 quia
1006 2693 1070 2753 bel-

148 2773 206 2834 lum
217 2776 279 2834 sine
291 2791 393 2835 caussa
404 2774 538 2835 Romanis
551 2777 763 2836 commovisset.

212 2858 265 2918 (lu
273 2877 300 2918 r.
312 2857 389 2919 XIV.
411 2857 565 2937 Pompeius
575 2877 642 2918 mox
654 2861 738 2919 etiam
747 2858 866 2922 Albanis
878 2859 984 2920 bellum
994 2859 1070 2919 intu-

147 2941 190 3017 lit,
203 2950 232 3000 et
242 2956 341 3001 eorum
351 2960 452 3020 regem
464 2942 578 3003 Oroden
588 2951 632 3003 ter
642 2945 721 3021 vicit,
735 2952 881 3022 postremo
894 2962 947 3023 per
958 2944 1070 3022 episto·

147 3024 190 3103 las
201 3034 230 3084 et
240 3043 355 3086 munera
365 3035 483 3104 rogatus
500 3029 612 3087 veniam
623 3029 651 3086 ei
668 3046 701 3088 ac
715 3044 814 3104 pacem
833 3028 920 3089 dedit.
955 3025 1070 3087 lheriae

148 3127 265 3188 quoque
275 3126 375 3186 regem
385 3108 512 3170 Artocen
522 3112 593 3171 vicit
603 3112 667 3172 acie
678 3119 708 3171 et
719 3114 747 3172 in
759 3111 932 3173 deditionem
942 3112 1070 3190 accepit.

147 3193 308 3254 Armeniam
318 3193 456 3253 minorem
466 3192 617 3272 Deiotaro,
631 3191 757 3257 Galatiae
767 3199 842 3274 regi,
855 3195 981 3273 donavit,
999 3195 1071 3274 quia

149 3280 247 3337 socius
263 3275 331 3338 belli
344 3275 526 3339 Mithridatici
538 3277 641 3339 luerat.
672 3279 768 3340 Attalo
785 3289 815 3340 et
832 3279 996 3358 Pylaemeni
1015 3277 1070 3339 Pa·

148 3361 329 3441 phlagoniam
339 3359 470 3422 reddidit.
485 3360 681 3425 Aristarchum
687 3362 803 3426 Colchis
813 3382 913 3444 regern
920 3364 1069 3444 imposuit.
