2318 3818
729 151 738 189 Ι

155 224 198 291 50
506 231 723 289 EUPROPll

100 406 129 453 ι’
156 396 421 458 matreinteriectis.
453 393 559 454 Urbem
575 395 693 455 Romam
711 393 845 471 incendit,
866 402 896 453 ut
912 396 1077 473 spectaculi

84 474 145 520 cm
138 484 216 542 eius
239 482 390 557 imaginem
407 487 553 554 cerneret,
580 479 655 557 quali
673 479 739 537 olim
753 477 837 537 Troia
852 487 934 555 capta
944 490 1075 541 Qarserat

94 544 187 624 ⁰⁴·ln
199 582 231 624 re
242 563 352 624 militari
366 562 435 635 nihil
449 565 562 639 omnino
574 581 659 623 ausus
674 562 842 622 Britanniam
860 580 952 641 paene
968 566 1075 626 amisit.
1087 638 1092 647 ¹

154 646 225 708 Nam
245 647 300 707 duo
322 647 374 708 sub
396 647 452 706 hoc
477 634 653 707 nobilissima
675 645 780 725 oppida
804 656 886 723 capta
906 646 965 706 illic
985 657 1076 728 atque

155 750 256 792 eversa
280 741 352 795 sunt.
393 731 553 791 Armeniam
574 731 666 791 Panthi
687 730 859 791 sustulerunt
880 731 1084 814 legionesque,

153 815 294 876 Romanas
306 817 358 876 sub
373 817 469 893 iugum
479 818 624 875 miserunt.
644 816 726 875 Duae
734 823 826 875 tamen
838 816 1005 893 provinciae
1016 818 1074 877 sub

155 910 191 960 c'o
205 901 297 969 iactae
309 908 382 976 sunt,
394 898 499 959 Pontus
511 899 726 960 Polemoniacus
739 898 917 960 concedente
927 917 1000 978 rege
1014 899 1071 960 Po·

59 1000 63 1005 ·
153 984 278 1061 lenione,
294 993 322 1045 et
332 983 422 1062 Alpes
434 981 546 1044 Oottiae
562 983 656 1044 Oottio
672 1002 743 1062 rege
758 983 903 1043 defuncto.
930 990 934 995 ’

118 1065 120 1069 ’
217 1068 304 1128 Ona.
326 1067 388 1128 XV.
417 1067 472 1127 Per
491 1068 562 1128 haec
577 1067 707 1128 llomano
725 1068 787 1128 orbi
808 1067 1009 1145 exsecrabilis,
1034 1070 1071 1130 ab

154 1153 283 1212 omuibus
295 1151 376 1210 simul
388 1151 536 1211 destitutus
552 1161 581 1211 et
595 1161 721 1212 asenatu
731 1153 822 1212 hostis
839 1152 989 1230 iudicatus,
1006 1170 1072 1213 curu

154 1245 338 1315 quaereretur
348 1235 383 1295 ad
398 1252 536 1313 poenam,
559 1254 632 1314 quae
647 1253 739 1314 poena
757 1236 905 1311 erattalis,
929 1244 960 1295 ut
977 1237 1071 1297 nudus

153 1337 206 1399 per
216 1320 361 1398 publicum
375 1320 475 1379 ductus
487 1319 566 1380 iurca
583 1323 668 1398 capiti
681 1323 742 1380 eius
754 1320 859 1380 ins'erta
870 1322 960 1398 virgis
974 1338 1072 1400 usqne

153 1403 188 1465 ad
200 1413 319 1464 mortem
334 1403 502 1464 caederetur
520 1412 605 1483 atque
626 1406 664 1464 ita
681 1406 914 1483 praecipitaretur
929 1404 966 1464 de
985 1421 1070 1482 saxo,

154 1488 286 1567 epalatio
298 1489 371 1566 fugit
383 1496 411 1548 et
422 1490 449 1547 in
461 1487 621 1548 suburbano
633 1508 667 1549 se
677 1489 771 1549 liberti
784 1491 838 1566 sui,
852 1488 929 1566 quod
940 1498 986 1549 est
996 1491 1072 1549 inter

154 1572 287 1632 Salariam
300 1581 328 1631 et
339 1572 541 1631 Nomentanam
552 1575 625 1632 viam
636 1571 672 1632 ad
683 1581 811 1650 quartum
821 1574 899 1632 urhis
907 1572 1070 1650 miliarium,

154 1655 304 1727 interiecit.
326 1655 610 1715 Aedificavitllomae
622 1656 756 1729 thermas,
770 1672 843 1733 quae
854 1662 918 1713 ante
927 1655 953 1712 N
956 1660 1070 1717 cronia·

102 1766 129 1808 p,
152 1757 206 1800 nae
219 1738 311 1799 dictae
324 1739 609 1800 nuncAlcxandrinae
620 1737 805 1821 appellantur.
829 1737 906 1797 Obiit
917 1739 1070 1816 trigesimo

85 1835 141 1878 ori·
154 1833 183 1884 et
193 1822 283 1884 altero
299 1826 398 1884 aetatis
409 1840 497 1900 anno,
516 1826 627 1902 imperii
639 1828 738 1902 quarto
750 1823 872 1898 decimo,
889 1831 976 1901 atque
988 1827 1019 1885 ιιι
1035 1842 1070 1886 eo

100 1902 134 1946 ⁰⁸·
154 1911 244 1968 omnis
257 1908 359 1968 familia
374 1909 495 1985 Augusti
510 1917 676 1988 consumpta
686 1914 748 1966 est.¹

218 1993 302 2052 Ona.
317 1991 394 2051 XVl.
410 1992 477 2071 (X.)
507 1992 579 2051 Huic
591 1993 708 2051 Servius
725 1989 813 2050 Oalha
828 1991 981 2066 successit,
998 1994 1071 2051 anti·

154 2077 307 2153 quissimae
318 2074 471 2133 nobilitatis
488 2084 617 2149 senator,
642 2093 705 2133 cum
717 2076 959 2152 septuagesimum
972 2083 1001 2133 et
1011 2085 1071 2135 ter·

152 2161 220 2219 tium
231 2175 331 2216 annum
343 2165 441 2234 ageret
452 2159 563 2233 aetatis,
579 2158 614 2216 ah
625 2155 758 2236 Hispanis
770 2167 799 2217 ct
811 2156 899 2218 Gallis
913 2161 1072 2237 imperator

154 2242 273 2319 electus,
287 2258 354 2301 mox
365 2242 399 2301 ab
414 2243 547 2301 universo
561 2244 687 2303 exercitu
697 2241 818 2301 libenter
826 2251 973 2324 acceptus.
996 2242 1071 2304 Nam

153 2328 262 2406 privata
278 2328 340 2386 eius
350 2328 408 2386 vita
419 2327 538 2403 insignis
554 2326 645 2387 iuerat
659 2327 824 2386 militaribus
837 2336 865 2387 et
879 2327 1013 2387 civilibus
1024 2345 1070 2387 re·

153 2412 216 2473 bns.
240 2411 334 2489 Saepe
348 2411 459 2488 consul,
476 2428 564 2488 saepe
578 2428 629 2489 pro
645 2411 775 2487 consule,
792 2411 956 2490 frequenter
972 2411 1031 2472 dux
1042 2413 1070 2471 in

152 2496 327 2572 gravissimis
349 2494 443 2554 hellis.
476 2494 565 2554 Hnius
583 2496 671 2555 breve
688 2497 837 2573 imperium
854 2495 921 2572 luit,
942 2504 972 2555 et
989 2494 1070 2598 quod

150 2578 225 2637 hona
240 2577 358 2637 haberet
373 2577 503 2655 exordia,
527 2581 580 2637 nisi
596 2579 631 2638 ad
648 2582 828 2639 severitatem
843 2581 1016 2679 propensior
1027 2582 1069 2639 ιι-

101 2676 129 2720 ι.
152 2661 273 2721 deretur.
302 2660 414 2722 Insidiis
426 2671 518 2722 tannen
531 2660 650 2721 Othonis
664 2665 778 2722 occisus
790 2667 855 2722 est
846 2664 958 2742 imperii
968 2680 1069 2724 meuse

84 2744 151 2788 ⁰··'N
153 2748 284 2845 septimo.
321 2744 490 2824 lugulatus'
482 2766 510 2806 ιιι
527 2746 590 2806 loro
601 2745 711 2821 Romae
732 2748 942 2827 sepultusque
933 2766 964 2807 ιιι
976 2747 1069 2808 hortis

100 2813 133 2857 ⁶⁹
153 2833 232 2906 suis,
247 2833 295 2909 qui
307 2839 371 2890 sunt
381 2829 496 2890 Aurelia
512 2834 559 2891 via
574 2848 630 2891 non
648 2831 735 2909 longe
747 2832 781 2891 ab
798 2833 868 2892 urhe
879 2831 980 2891 Roma.

215 2913 302 2974 Ona.
319 2914 409 2974 XVII.
428 2913 509 2995 (XI.)
534 2902 619 2975 Otho
641 2920 741 2975 occiso
756 2914 844 2976 Galba
860 2916 962 2976 invasit
976 2917 1067 2996 impe·

150 2998 232 3074 mum,
251 3007 376 3059 materno
388 3017 496 3077 genere
511 2999 645 3076 nobilior,
669 3017 751 3077 quam
766 3009 895 3079 paterno,
912 3008 1015 3060 neutro
1026 3009 1067 3061 ta·

150 3099 216 3142 men
231 3081 364 3142 obscuro.
397 3083 429 3143 ln
441 3085 548 3162 privata
558 3085 616 3144 ιιιι
626 3083 719 3144 mollis
733 3093 763 3144 et
772 3084 894 3144 Neronis
907 3083 1067 3162 familiaris,

150 3166 179 3226 in
197 3167 316 3245 imperio
337 3165 534 3227 documentum
551 3169 594 3227 sui
614 3185 671 3228 non
690 3170 781 3246 potuit
801 3168 963 3228 ostendere.
993 3168 1068 3229 Nam

152 3268 215 3310 curn
230 3249 331 3310 iisdem
345 3252 538 3329 temporibus,
564 3253 666 3330 quibus
684 3251 758 3312 Otho
777 3250 892 3312 Galbam
908 3252 1066 3330 occiderat,

153 3336 236 3394 etiam
255 3334 386 3395 Vitellius
408 3334 498 3394 iactus
517 3345 596 3397 essct
619 3334 868 3397 aOermanicianis
891 3338 1067 3397 exercitibus

152 3418 314 3498 imperator,
333 3419 411 3480 bello
424 3428 520 3481 contra
535 3439 599 3481 eum
614 3430 766 3499 suscepto,
791 3440 854 3482 eum
867 3421 943 3502 apud
956 3421 1067 3483 betria-
