2318 3818
154 198 222 275 ce„
498 203 717 261 eurncrrr

154 368 219 428 thos
230 368 413 446 proficiscens
421 366 509 428 Carus
516 369 544 426 in
554 365 680 442 Illyrico,
695 364 793 442 Gallia,
806 363 884 426 ltalia
895 365 1064 446 reliquerat,

156 452 283 522 omnibus
295 468 327 508 se
339 451 495 510 sceleribus
507 452 670 528 inquinavit.
696 448 832 527 Plurimos
844 451 974 509 innoxios
989 451 1065 512 fictis

153 534 313 595 criminibus
325 535 439 594 occidit.
473 534 646 606 Matrimonia
663 532 769 592 nobilia
781 536 915 612 corrupit,
940 532 1064 607 (fondis-

153 617 254 697 eipulis
266 634 394 695 quoque,
419 620 546 696 quicum
564 621 593 677 in
606 617 745 677 auditorio
757 616 803 675 vel
820 616 877 694 levi
894 617 1065 696 fatigatione

151 710 321 778 taxaverant,
336 704 513 779 perniciosus
532 702 592 762 fuit.
617 700 661 760 Ob
673 719 745 779 quae
758 701 887 776 omnibns
900 701 1064 767 bominibus

152 787 258 845 iudeus
270 801 325 844 non
335 786 422 846 multo
434 795 499 864 post
511 802 617 863 poenas
629 784 717 844 dedit:
743 782 853 864 (Xlll.)
865 784 935 844 Nam
947 784 983 845 de
994 785 1064 846 Per·

48 889 51 894 ·
153 869 213 929 side
224 871 315 929 victor
327 871 468 929 exercitus
484 868 612 944 rediens,
636 887 699 928 cunr
715 866 815 928 Carum
832 869 989 946 Augustum
1006 870 1064 929 fnl-

152 955 235 1026 mine,
249 952 446 1013 Numerianum
457 951 608 1013 Gaesarem
618 952 727 1013 insidiis
740 950 922 1029 perdidisset,
943 952 1063 1013 Diocle·

152 1039 256 1097 tianum
272 1039 471 1114 imperatorem
489 1038 610 1111 creavit,
632 1035 769 1096 Dalmatia
787 1036 947 1112 oriundum,
969 1039 1062 1096 virum

150 1121 353 1180 obscurissime
363 1130 472 1197 natum,
494 1120 566 1179 adeo
576 1128 635 1179 uta
652 1120 798 1197 plerisque
811 1120 923 1182 scribae
935 1119 1027 1197 filius,
1047 1140 1064 1182 a

151 1202 289 1263 nonnullis
301 1203 412 1263 Anulini
428 1205 566 1263 senatoris
580 1202 727 1275 libertinus
739 1204 829 1262 fuisse
841 1202 979 1264 credatur.

215 1287 298 1350 Car.
310 1287 374 1347 XX.
396 1285 424 1346 ls
437 1289 525 1364 prima
539 1287 655 1346 militum
668 1290 806 1350 concione
820 1289 931 1364 iuravit,
953 1287 1062 1348 Nume-

151 1373 256 1430 rianum
278 1371 356 1431 nullo
380 1388 432 1430 suo
456 1369 521 1430 dolo
542 1371 736 1447 interfectum,
763 1379 792 1430 et
814 1390 877 1431 curn
898 1374 971 1431 iuxta
994 1390 1064 1432 eum

151 1454 245 1532 Aper,
274 1458 322 1533 qui
344 1454 514 1532 Numeriano
533 1455 648 1514 insidias
670 1455 795 1532 fecerat,
814 1458 1004 1532 constitisset,
1034 1459 1063 1516 in

152 1548 308 1616 conspectu
323 1541 464 1599 exercitus
483 1557 563 1598 manu
574 1538 744 1598 Diocletiani
757 1556 910 1616 percussus
924 1549 977 1598 est.
1005 1538 1063 1600 Po·

100 1643 126 1685 a.
151 1631 210 1689 stea
224 1619 353 1681 Carinum
364 1624 486 1682 omnium
496 1622 562 1681 odio
580 1633 608 1681 et
620 1622 807 1681 detestatione
824 1625 965 1681 viventem
985 1624 1063 1702 apud

85 1711 139 1756 GN·
151 1704 276 1783 Margum
290 1708 396 1784 ingenti
408 1706 519 1784 proelio
535 1708 620 1781 vicit,
644 1704 784 1783 proditum
801 1705 836 1764 ab
853 1708 979 1764 exercitu
993 1726 1061 1785 suo,

91 1779 136 1821 ²⁸⁵·
152 1808 235 1867 quem
246 1790 392 1850 fortiorem
400 1790 530 1866 habebat,
544 1799 622 1849 certe
632 1789 784 1864 desertum,
796 1787 1063 1862 interVimina'cium

36 1891 37 1894 ¹
151 1883 235 1952 atque
251 1874 374 1934 Aureum
394 1883 526 1936 montem.
560 1872 602 1934 lta
620 1875 712 1933 rerum
732 1873 916 1933 Romanarum
939 1877 1061 1953 potitus,

59 2010 63 2020 .
86 1992 90 1999 -
152 1976 215 2018 eum
226 1958 369 2018 tumultum
381 1960 513 2018 rusticani
534 1959 563 2017 in
576 1946 663 2018 Gallia
684 1959 874 2018 concitassent
894 1965 922 2017 et
943 1957 1063 2019 factioni

152 2060 220 2102 suae
231 2041 421 2101 Bacaudarum
433 2057 535 2100 nomen
551 2043 743 2119 imponerent,
764 2040 851 2102 duces
869 2049 961 2102 autern
972 2042 1062 2103 habe·

98 2151 124 2195 p,
151 2133 212 2183 rent
226 2123 380 2183 Amandum
392 2133 421 2183 ct
432 2122 588 2197 Aelianum,
612 2123 836 2202 adsubigendos
853 2143 905 2186 eos
916 2125 1062 2187 Maximia-

84 2219 139 2262 cn.
150 2227 215 2268 num
225 2205 387 2266 llereulium
399 2205 548 2266 Caesarem
562 2207 646 2282 misit,
664 2209 711 2284 qui
725 2207 836 2268 levibus
848 2210 965 2288 proeliis
976 2227 1062 2289 agre·

92 2287 138 2332 ²⁸⁶·
151 2300 210 2352 stes
223 2291 329 2351 domuit
340 2299 369 2351 et
379 2309 479 2369 pacem
490 2288 597 2350 Galliae
607 2291 782 2354 reformavit.
846 2291 849 2297 ’
1049 2286 1052 2293 ’

213 2377 298 2437 (lar.
319 2374 395 2436 XXI.
420 2374 473 2435 l'er
491 2375 562 2435 haee
578 2384 706 2455 tempora
721 2378 804 2436 etiam
816 2375 981 2455 carausius,
1012 2383 1062 2459 qui

149 2461 285 2520 vilissime
306 2467 387 2519 natus
410 2469 540 2519 strenuae
554 2459 669 2519 militiae
681 2459 778 2522 ordine
795 2461 896 2522 famam
913 2465 1063 2540 egregiam

150 2544 240 2602 fuerat
251 2547 432 2617 consecutus,
448 2560 511 2601 eum
522 2543 596 2621 apud
607 2543 760 2604 Bononiam
771 2553 950 2622 pertractum
962 2544 1063 2625 Belg'i·

152 2644 201 2686 cae
214 2634 242 2683 et
255 2623 419 2684 Armoricae
430 2625 585 2703 pacandum
597 2644 672 2685 mare
686 2631 857 2706 accepisset,
871 2628 947 2709 quod
957 2627 1064 2691 Franci

151 2719 180 2770 ct
194 2709 322 2768 Saxones
338 2708 521 2786 infestabant,
545 2708 639 2770 multis
651 2710 776 2770 barbaris
792 2731 882 2791 saepe
902 2714 991 2791 captis
1004 2733 1064 2774 nec

150 2793 254 2871 praeda
265 2795 373 2871 integra
385 2796 435 2866 ,auf
452 2793 672 2871 provincialibus
689 2793 797 2856 reddita
817 2805 864 2856 aut
882 2799 1064 2876 imperatori-

148 2878 201 2937 bus
212 2879 298 2937 missa
310 2896 373 2937 cum
384 2879 510 2956 suspicio
524 2896 593 2950 esse¹
602 2879 758 2957 coepisset,
772 2881 902 2941 consulto
915 2882 950 2941 ab
963 2897 999 2940 eo
1012 2881 1063 2942 ad-

74 3014 78 3022 .
149 2962 219 3019 mitti
230 2960 374 3038 barbaros,
392 2971 421 3022 ut
432 2970 610 3039 transcuntes
623 2979 685 3021 cum
698 2963 802 3041 praeda
816 2968 960 3044 exciperet
971 2974 1063 3044 atque

84 3027 133 3139 ⁰¹}
150 3044 204 3104 hae
216 3061 247 3104 sc
259 3047 412 3105 occasione
426 3045 535 3122 ditaret,
549 3044 737 3106 alilaximiano
748 3049 842 3108 iussus
853 3048 944 3108 occidi
952 3067 1063 3128 purpu-

86 3123 139 3208 ᾗ]
151 3130 340 3206 ramsumpslt
351 3138 379 3187 et
390 3128 544 3189 Britannias
561 3132 719 3207 occupavit.
912 3195 914 3201 ‚
968 3188 978 3199 ,,

217 3213 302 3273 Car.
315 3208 404 3272 XXll.
418 3213 525 3294 (xlv.)
548 3210 590 3272 lta
602 3231 664 3272 cum
677 3231 730 3292 per
741 3231 850 3275 omnem
861 3217 959 3276 orbem
969 3224 1063 3278 terra·

149 3315 209 3357 rum
220 3315 266 3356 res
277 3296 403 3356 turbatae
416 3305 522 3371 essent,
536 3294 686 3357 carausius
698 3299 726 3357 in
737 3297 883 3359 Britanniis
895 3300 1063 3381 rebellaret,

149 3379 293 3440 Achilleus
301 3379 480 3458 inAegypto,
488 3380 871 3462 AfricamQuinquegcntiani
882 3383 1064 3462 infestarent,
