2318 3818
451 178 586 266 nronr'r
610 208 671 266 ιι.
974 196 1015 264 ot

107 376 274 436 clementiae
296 374 415 453 gloriam
435 374 546 449 habuit,
571 372 801 449 diligentissimus
826 380 918 432 tamen
941 373 1017 430 circa

106 462 243 520 aerarium
254 468 284 519 et
293 459 409 518 militum
418 458 605 536 disciplinam
634 455 733 517 Obiit
725 475 753 516 ιι
764 455 916 535 Campania
929 458 1017 515 maior
1041 463 1069 505 1’

107 545 292 621 sexagenario
304 545 414 620 imperii
428 559 499 602 anno
509 561 567 602 ιιι
580 559 679 600 mense
691 561 719 600 ι.
734 540 783 600 die
795 560 872 602 ιιιι.
896 531 1082 600 Senatusffi

70 679 72 683 ,
107 629 135 688 el
154 627 280 687 tribuere
296 627 385 686 noluit
402 626 512 687 (Ιίιίιοι
523 627 659 701 honores,
676 634 769 684 tamen
786 643 849 685 cum
864 640 1017 685 successor
1031 601 1076 644 ¹³⁸·

88 713 197 790 ipsius
214 710 292 770 'litus
308 710 440 770 Aurelius
458 710 574 770 Fuluius
588 709 745 769 Antoninus
761 711 818 769 hoc
834 711 1017 770 vehementer

107 797 237 872 exigeret
255 803 284 854 et
299 797 423 854 universi
439 803 587 855 senatores
599 793 689 870 palam
701 795 882 870 resisterent,
905 792 1016 852 tandem

109 879 239 940 obtinuit.
401 913 413 951 3

171 962 257 1022 Gan.
268 959 345 1020 Vlll.
360 958 440 1041 (IV.)
464 960 541 1039 Ergo
553 961 692 1023 Hadriano
704 963 845 1021 successit
855 959 888 1020 T.
901 959 1017 1018 Antoni·

105 1043 599 1122 uusFulviusBoiouius,idemetiam
607 1040 1019 1122 Piusuominatus,generecla·

105 1143 152 1206 ro,
161 1127 213 1188 sed
224 1145 280 1187 non
291 1127 439 1206 admodum
451 1139 558 1206 vetere,
571 1133 615 1189 vir
627 1131 745 1208 insignis
758 1138 788 1189 et
798 1132 845 1208 qui
851 1130 951 1188 merito
960 1126 1005 1186 Nu

107 1211 318 1289 muel'ompilio
326 1213 501 1290 conteratur,
514 1217 589 1285 itaut
598 1214 719 1273 Romulo
727 1213 861 1273 Traianus
872 1220 1017 1290 aequetur.

100 1297 183 1357 -Vtxit
199 1298 305 1373 ingenti
321 1296 470 1357 honestate
487 1299 622 1375 privatus,
639 1300 737 1357 maiori
753 1300 781 1356 in
801 1299 932 1374 imperio,
950 1295 1018 1354 nulli
1030 1320 1039 1372 g

108 1381 240 1454 acerbus,
261 1381 370 1439 cunctis
387 1381 543 1457 benignus,
563 1384 591 1440 in
609 1400 641 1440 re
652 1381 763 1440 militari
773 1379 916 1439 moderata
927 1378 1019 1456 gloria

107 1463 262 1523 defendere
275 1465 365 1539 magis
375 1466 536 1540 provincias
551 1483 634 1543 quam
644 1463 816 1541 amplificare
832 1463 959 1538 studens,
977 1464 1018 1520 vi·

106 1565 156 1607 ros
173 1548 361 1624 aequissimos
383 1547 417 1607 ad
434 1547 675 1608 administrandam
694 1567 755 1607 rem
775 1547 916 1626 publicam
933 1565 1018 1625 quae·

107 1649 184 1706 rens,
197 1630 279 1690 bouis
291 1631 428 1691 honorem
439 1632 561 1708 habens,
583 1633 728 1710 improbos
747 1633 809 1691 sinc
829 1631 923 1713 aliqua
939 1649 1018 1691 acer·

106 1715 194 1775 bitate
219 1713 378 1791 detestans,
399 1715 516 1793 regibus
541 1719 638 1776 amicis
652 1715 829 1775 'venerabilis
851 1733 908 1775 non
929 1716 1018 1775 minus

107 1816 190 1876 quam
208 1798 358 1874 torribilis,
384 1799 456 1858 adeo
478 1808 508 1857 ut
525 1800 707 1859 barbarorum
733 1794 870 1877 plurimae
889 1802 1018 1859 nationes

76 1878 81 1884 ’
108 1881 247 1958 depositis
265 1884 349 1940 armis
364 1881 399 1941 ad
414 1901 477 1941 eum
492 1886 700 1943 controversias
711 1901 776 1941 suas
787 1882 910 1960 litesque
928 1882 1019 1942 deler-

107 1975 170 2026 rent
183 1967 397 2043 sententiaeque
410 1967 471 2024 eius
481 1976 621 2044 parerent.
644 1966 697 2026 llic
709 1975 773 2025 aute
784 1968 931 2042 imperium
943 1965 1020 2024 ditis-

107 2051 196 2109 simus
208 2066 281 2126 opes
294 2049 407 2127 quidem
418 2067 516 2110 omnes
530 2069 595 2110 suas
608 2050 756 2129 stipendiis
768 2049 884 2108 militum
898 2059 928 2108 et
946 2051 1021 2109 circa

107 2135 214 2193 amicos
234 2132 446 2193 liberalitatibus
464 2137 577 2212 minuit,
601 2154 699 2195 verum
709 2136 846 2195 aerarium
858 2134 1021 2212 opulentum

106 2216 232 2296 reliquit.
259 2215 326 2277 Pius
341 2227 456 2296 propter
470 2219 646 2279 clementiam
665 2219 756 2279 dictus
769 2226 821 2278 est
855 2217 932 2278 Obiit
946 2217 1070 2295 apudr.

106 2299 235 2378 borium,
262 2301 358 2367 villam
378 2321 472 2376 suam,
491 2303 612 2361 miliario
634 2302 1086 2375 aburhex11,vrtaeanno⁰N·

107 2403 225 2460 ιιιιιι.,
249 2387 359 2461 imperii
370 2405 488 2460 ιιιιιι.,
511 2394 596 2464 atque
611 2388 684 2445 inter
700 2384 791 2443 Divos
805 2382 911 2444 relatus
932 2394 977 2443 est
993 2394 1021 2444 et
1035 2371 1079 2415 ¹⁶¹

107 2470 209 2527 merito
225 2476 417 2527 consecratus.

172 2551 258 2612 cnr.
270 2549 320 2611 lx.
332 2551 398 2631 (V.)
417 2551 486 2612 Post
495 2553 570 2612 huuc
585 2551 852 2630 imperavithlarcus
863 2552 1021 2614 Antoninus

61 2704 64 2714 Ι
107 2635 211 2713 Verus,
224 2635 390 2696 hauddubie
402 2636 721 2715 nobilissimus,quippe
734 2652 796 2696 cum
808 2637 960 2713 eiuscrigo
972 2652 1020 2712 pa·

106 2730 186 2780 terna
197 2738 213 2779 a
226 2718 316 2780 Numa
328 2719 478 2799 Pompilio,
496 2730 618 2781 materna
636 2721 818 2781 aSallentino
831 2737 902 2796 rege
915 2718 1021 2796 pende·

107 2813 162 2878 ret,
183 2812 289 2863 etcum
300 2822 336 2865 eo
347 2804 378 2864 t.
390 2805 549 2865 Antoninus
562 2804 663 2866 Verus.
687 2804 815 2882 Tumque
830 2805 950 2880 primum
961 2801 1020 2861 Ro·

75 2894 84 2907 '
107 2886 1021 2966 manarespublicaduobusaequoiureimperiumadministran·

107 2969 183 3113 Rbus
194 2972 301 3046 pamit,
321 2988 487 3050 cumusque
500 2970 536 3032 ad
547 2988 599 3031 eos
610 2972 739 3050 singulos
750 2987 865 3050 semper
875 2971 1022 3031 habuisset

135 3062 265 3131 agustus.

173 3137 258 3197 (lar.
272 3136 309 3197 X.
332 3136 367 3197 lli
388 3146 418 3198 et
437 3155 544 3216 genere
560 3140 633 3198 iuter
651 3157 683 3198 se
703 3140 844 3199 coniuncti
864 3139 977 3199 luerunt
993 3147 1022 3198 et

107 3221 253 3282 uiduitate.
279 3220 350 3282 Nam
360 3221 452 3282 Verus
463 3221 620 3283 Antoninus
632 3221 671 3282 ll.
682 3222 816 3284 Antonini
831 3223 915 3283 liliam
926 3224 954 3280 in
965 3238 1021 3280 ma·

107 3307 266 3366 aimonium
284 3305 396 3384 habuit,
426 3305 466 3366 ll.
485 3316 577 3366 autem
601 3306 759 3367 Antoninus
779 3324 869 3384 gener
887 3305 1022 3365 Antonini

108 3386 151 3448 Pii
168 3390 220 3451 luit
232 3407 285 3469 per
296 3406 413 3452 uxorem
430 3388 569 3452 Galeriam
583 3391 742 3453 Faustinam
753 3392 901 3466 iuniorem,
918 3405 1021 3449 conso·
