2318 3818
448 171 585 227 ursan
610 173 650 227 vr.
892 180 896 186 ·
971 169 1014 247 39

96 337 159 413 pias
171 335 293 395 exomni
305 351 395 412 regno
411 333 565 395 adduxerat
581 334 774 411 Mithridates,
793 354 858 395 curn
868 356 925 396 xxx
935 338 1012 400 milia

95 419 252 479 lectissima
263 421 340 496 regis
353 436 369 478 a
381 418 507 497 quinque
518 418 632 478 milibus
643 418 835 480 Romanorum
845 430 953 482 vastata
965 441 1010 482 es·

96 511 170 579 sent,
183 501 360 562 Mithridates
371 501 485 579 fugatus
498 509 542 561 est
553 511 582 562 et
594 511 685 563 castra
696 504 759 562 eius
771 502 890 581 direpta.
912 503 1011 565 Arme·
1028 500 1032 503 “
1123 521 1128 555 1

95 588 141 646 nia
153 602 268 666 quoque
280 587 380 667 minor,
394 604 478 664 quarn
491 594 631 664 tenuerat,
643 585 736 647 eidem
745 587 857 648 sublata
869 597 923 647 est.
943 588 1012 649 Sus·

96 679 198 748 ceptus
213 679 306 729 tamen
321 678 365 728 est
379 669 556 729 Mithridates
576 679 642 748 post
659 670 755 748 lugam
772 688 788 730 a
804 669 936 748 Tigrane,
958 672 1011 734 Ar·
1126 703 1128 711 ι

95 754 207 813 meniae
224 771 311 831 rege,
333 755 457 832 quitum
477 755 587 832 ingenti
606 753 697 832 gloria
712 755 885 832 imperabat,
909 754 1012 818 Persas

96 854 186 915 saepo
202 838 324 913 vicerat,
343 836 580 916 Mesopotamiam
601 847 793 917 occupaverat
815 846 844 898 et
859 838 969 916 Syriam
983 851 1012 902 et

95 919 255 981 Phoenices
268 929 384 997 partem.

160 1005 247 1065 Gna.
265 1002 316 1064 lx.
344 1002 423 1082 Ergo
445 1003 578 1066 Lucullus
596 1013 732 1085 repetens
751 1005 863 1066 hostem
885 1006 1012 1084 fugatum

96 1090 307 1166 etiamregnum
318 1086 458 1166 Tigranis,
472 1091 520 1168 qui
531 1090 671 1151 Armeniis
685 1090 850 1169 imperabat,
863 1092 1010 1168 ingressus

96 1180 150 1232 est.
173 1171 384 1249 Tigranocerta,
402 1174 545 1234 civitatem
558 1174 734 1253 Arzanenae,
750 1174 955 1237 nobilissimam
965 1193 1010 1235 re·
1021 1187 1078 1234 nu.

94 1257 143 1334 gni
154 1255 330 1332 Armeniaci,
348 1258 435 1335 cepit,
450 1260 543 1335 ipsum
554 1277 654 1337 regem
665 1276 729 1319 cum
741 1260 885 1319 sexcentis
897 1259 1011 1319 milibus
1021 1256 1068 1300 ⁶⁸³·

96 1340 311 1400 clibanariorum
328 1348 357 1399 ct
369 1351 481 1401 centurn
491 1341 605 1402 milibus
620 1344 827 1420 sagittariorum
844 1352 873 1403 et
891 1351 1009 1403 armato·

94 1442 156 1482 rum
165 1425 327 1484 venientem
339 1442 412 1485 xv111
424 1424 500 1483 milia
510 1425 628 1484 militum
642 1424 750 1485 habens
761 1428 799 1485 ita
809 1427 896 1503 vicit,
914 1435 944 1485 ut
952 1444 1009 1486 ma-

95 1525 179 1584 gnam
195 1516 304 1585 partem
322 1505 518 1567 Armeniorum
535 1507 683 1569 deleverit.
719 1508 791 1568 lnde
812 1507 923 1568 Nisibin
944 1526 1010 1588 pro·
1023 1529 1079 1572 nu.

95 1590 188 1649 iectus
203 1608 266 1650 earn
283 1605 399 1669 quoque
419 1592 560 1652 civitatem
572 1610 635 1651 cum
645 1594 725 1672 regis
739 1593 826 1652 fratre
837 1595 922 1672 cepit.
951 1593 1011 1653 Sed
1021 1596 1067 1640 ⁶⁸⁴·

94 1674 125 1749 ii,
139 1691 212 1772 quos
224 1676 252 1733 in
266 1672 356 1734 Ponto
371 1673 504 1734 Lucullus
515 1669 670 1755 reliquerat
686 1695 750 1736 curn
761 1680 904 1737 exercitus
916 1686 1008 1757 parte,

93 1764 125 1815 ut
135 1759 271 1834 regiones
281 1759 371 1818 victas
383 1760 436 1817 et
429 1777 483 1819 ram
492 1759 683 1821 Romanorum
694 1770 848 1836 tuerentur,
860 1762 1009 1840 negligen-

94 1849 139 1898 ter
159 1858 191 1899 so
210 1849 239 1899 et
255 1859 339 1900 avare
355 1850 474 1919 agentes
494 1846 676 1902 occasionem
696 1847 798 1903 iterum
811 1844 990 1905 Mithridati
981 1864 1009 1903 ιιι

84 1922 213 1983 'Pontum
223 1926 394 2003 irrumpendi
407 1924 561 2001 dederunt,
584 1935 670 2005 atque
680 1929 718 1987 ita
729 1926 834 1986 bellum
845 1935 1009 1987 renovatum

94 2017 150 2067 est.
171 2007 289 2067 Lucullo
301 2010 409 2087 paranti
420 2017 504 2086 capta
514 2008 607 2069 Nrsrbr
622 2019 720 2070 contra
731 2009 833 2071 Persas
850 2011 1008 2089 expeditio·
1020 2032 1077 2075 xm.

93 2110 158 2151 nem
169 2109 324 2153 successor
335 2101 380 2152 est
393 2110 507 2154 missus
1020 2099 1068 2142 ⁶⁸³·

158 2177 243 2236 Gur.
255 2175 291 2238 X
304 2175 412 2256 (vul.)
435 2176 516 2237 Alter
534 2187 627 2238 autem
640 2176 792 2256 Lucullus,
816 2198 864 2258 qur
856 2177 1008 2239 Macedo
1021 2202 1077 2247 gu

92 2261 166 2320 niam
180 2259 400 2337 administrabat,
413 2260 511 2320 Bessis
524 2263 630 2360 primus
641 2261 833 2322 Romanorum
845 2261 942 2322 intulit
946 2261 1007 2322 bel·
1020 2272 1056 2314 6⁸¹

91 2342 150 2402 lurn
167 2352 253 2420 atque
264 2358 316 2402 eos
327 2345 434 2420 ingenti
449 2344 586 2421 proelio
577 2363 605 2403 ιιι
617 2343 724 2404 llaemo
741 2354 837 2404 monte
856 2347 1008 2422 superavit.

93 2425 237 2504 Oppidum
247 2425 445 2503 Uscudamam,
465 2426 542 2504 quod
552 2426 636 2486 Bessi
647 2427 818 2504 habitabant,
833 2428 935 2487 eodem
947 2427 1006 2505 die,

92 2525 151 2588 quo
163 2527 319 2587 aggressus
332 2519 387 2586 est,
403 2512 482 2588 vicit,
496 2508 622 2586 Cabylen
639 2512 726 2589 cepit,
747 2528 840 2590 usque
850 2511 1009 2572 Danubium

91 2594 260 2672 penetravit.
281 2592 351 2655 lude
365 2594 466 2655 multas
478 2612 563 2672 supra
570 2593 689 2654 Pontum
699 2597 808 2672 positas
820 2595 1008 2673 civitatesag·

90 2696 210 2756 gressus
223 2688 277 2738 est.
310 2676 374 2738 lllic
384 2676 566 2756 Apolloniam
578 2680 690 2754 evertit,
711 2677 835 2748 Galatin,
855 2677 1008 2739 Partheno·

90 2761 180 2838 polin,
193 2760 310 2839 Tomos,
323 2761 462 2839 Histrum,
483 2762 670 2822 Buraiaonem
687 2764 765 2840 cepit
786 2761 923 2840 belloque
941 2778 1008 2821 con·
1122 2838 1124 2842 μ

90 2844 169 2903 lecto
185 2843 304 2906 Romam
314 2845 407 2906 rediit.
426 2844 519 2905 Ambo
530 2854 588 2905 tum
599 2846 851 2923 triumphaverunt,
863 2844 1008 2922 Lucullus,

90 2929 139 3006 qui
152 2935 249 2988 contra
258 2927 439 2988 Mithridaten
450 2937 634 3007 pugnaverat,
647 2930 747 2990 maiori
758 2928 861 3007 gloria,
874 2946 938 2988 cum
948 2937 1008 2990 tan·

88 3020 181 3072 torum
191 3029 344 3090 regnorum
355 3013 448 3072 victor
457 3012 590 3072 redisset.

154 3097 241 3156 Car.
252 3093 303 3156 xl.
318 3093 401 3176 (bt)
424 3093 564 3156 Confecto
577 3095 654 3156 bello
666 3095 865 3175 Macedonico,
878 3104 1009 3158 manente

88 3176 296 3255 Mithridatico,
317 3177 396 3258 quod
412 3179 567 3240 recedente
580 3177 700 3241 Lucullo
714 3199 766 3241 rex
782 3181 913 3241 collectis
930 3180 1008 3239 auxi·

87 3261 135 3323 liis
145 3271 337 3341 reparaverat,
350 3261 456 3322 bellum
467 3260 612 3324 Creticum
623 3272 714 3324 ortum
727 3272 782 3326 est.
807 3261 853 3323 Ad
863 3263 892 3323 id
903 3265 1008 3322 missus
1019 3285 1075 3328 au.

90 3345 127 3420 Q.
139 3346 283 3407 Caecilius
301 3344 435 3407 Metellus
454 3347 617 3426 ingentibus
632 3347 753 3427 proeliis
770 3349 841 3407 intra
858 3347 1007 3406 triennium
1021 3352 1069 3395 ⁶⁸³·
