2318 3818
187 257 229 321 46
534 260 779 319 uuuuorrl

188 434 244 500 est,
257 426 305 503 qui
321 433 421 501 postea
427 423 574 501 Augustus
581 433 626 484 est
633 423 724 483 dictus
736 433 764 483 et
773 443 866 484 rernm
874 426 991 502 potitus.
1011 422 1113 497 Quare

187 509 309 587 profecti
323 517 420 567 contra
429 508 581 567 Antonium
593 517 653 567 tres
665 508 753 567 duces
764 511 894 568 vicemnt
905 526 980 567 eum.
1002 505 1112 568 Evenit

187 601 290 667 tamen,
303 600 334 650 ut
344 594 470 651 victores
482 590 615 650 consules
627 591 710 651 ambo
722 601 907 652 morerentur.
937 590 1037 664 Quare
1048 600 1111 652 tres

190 677 333 736 exereitus
345 677 392 735 uni
405 673 520 736 Caesari
531 675 661 753 Augusto
674 685 836 753 paruerunt.

252 794 341 854 Cau.
355 791 393 851 ll.
424 788 549 869 Fugatus
563 792 702 851 Antonius
716 792 820 850 amisso
833 791 960 850 exercitu
976 790 1110 869 confugit

187 876 222 937 ad
232 876 385 955 Lepidum,
410 878 457 954 qui
471 874 586 936 Caesari
604 877 739 953 magister
747 876 875 952 equitum
888 873 980 934 fuerat
998 882 1028 933 et
1048 883 1109 934 tum

187 963 286 1038 copias
306 960 423 1019 militum
438 959 560 1037 grandes
583 959 715 1018 habebat.
752 958 1029 1036 Aquosusceptus
1050 967 1107 1017 est.

186 1044 255 1104 bion
265 1043 375 1121 bepido
389 1060 504 1120 operam
516 1042 601 1103 dante
612 1041 719 1103 Caesar
729 1061 792 1101 cum
806 1041 930 1102 Antonio
950 1058 1051 1118 pacem
1063 1041 1107 1100 fe·

187 1132 226 1187 cit
238 1137 266 1186 et
279 1129 359 1205 quasi
370 1126 560 1186 vindicatums
580 1129 668 1204 patris
680 1128 724 1185 sui
735 1134 871 1202 mortem,
895 1144 911 1185 a
924 1141 980 1204 quo
993 1142 1048 1203 per
1063 1134 1107 1185 te·

186 1220 352 1270 aramentum
363 1211 455 1269 fuerat
466 1210 631 1288 adoptatus,
648 1209 767 1270 Romam
783 1228 846 1269 cum
867 1211 994 1269 exercitu
1009 1209 1107 1287 profe·

87 1356 89 1360 Α
186 1304 249 1355 ctus
263 1296 398 1368 extorsit,
418 1303 448 1352 ut
467 1295 578 1356 sibim.
595 1312 668 1355 anno
685 1293 848 1353 consulatus
864 1293 984 1354 daretur.
1017 1293 1106 1353 Sena·

185 1388 244 1439 tum
260 1381 429 1457 proscripsit
446 1396 510 1437 cum
521 1379 644 1439 Antonio
663 1387 691 1438 et
709 1377 818 1455 bepido
837 1386 866 1437 et
886 1376 1107 1454 rempublicam

186 1465 270 1524 annis
282 1472 379 1523 tenere
392 1465 498 1540 coepit.
530 1461 584 1522 Per
594 1463 648 1523 hos
660 1465 743 1523 etiam
755 1461 860 1522 Cicero
879 1470 975 1521 orator
987 1463 1106 1521 occisus

188 1557 234 1606 est
245 1547 381 1623 multique
393 1546 440 1604 alii
451 1546 574 1605 nobiles.
918 1547 921 1554 ’

251 1662 336 1721 Car.
350 1659 483 1739 111.(11.)
503 1658 615 1718 Interea
626 1657 728 1718 Brutus
741 1668 771 1717 et
782 1657 919 1734 Cassius,
940 1661 1107 1721 interfecto·

122 1756 233 1805 eures
249 1744 399 1819 Caesaris,
423 1745 524 1821 ingens
537 1741 642 1801 bellurn
661 1750 819 1801 moverunt.
855 1740 943 1801 Erant
958 1745 1035 1802 enirn
1056 1762 1109 1824 per

127 1825 173 1866 ⁷¹⁰·
183 1829 379 1891 blacedoniarn
391 1837 419 1888 et
428 1826 573 1887 Orientem
586 1826 665 1886 multi
680 1827 834 1902 exercitus,
852 1840 925 1904 quos
941 1843 1107 1905 occupave-

182 1924 253 1975 rant.
286 1913 409 1973 Profecti
432 1921 496 1971 sunt
515 1913 601 1989 igitur
619 1920 716 1970 contra
736 1927 789 1969 eos
807 1907 915 1970 Caesar
933 1909 1108 1972 Octavianus

183 2000 329 2076 Augustus
348 2008 377 2056 et
389 1995 428 2054 bl.
440 1996 579 2054 Antonius
596 1995 784 2072 (remanserat
804 1996 878 2055 enim
893 1994 928 2053 ad
948 1993 1107 2055 defenden-

184 2081 361 2142 damltaliam
369 2078 519 2158 Lepidus).
541 2077 1107 2156 ApudPhilippos,Macedoniaeurbem,

185 2161 282 2224 contra
300 2180 352 2222 eos
375 2171 580 2240 pugnaverunt.
613 2160 706 2221 Primo
721 2161 833 2239 proelio
848 2163 916 2221 victi
935 2170 1000 2222 sunt
1015 2162 1108 2223 Auto-

183 2252 247 2310 nius
259 2258 287 2308 et
303 2246 424 2323 Caesar,
448 2249 532 2324 periit
549 2256 641 2307 tamen
660 2246 716 2305 dux
729 2244 885 2306 nobilitatis
898 2245 1032 2324 Cassius,
1059 2266 1107 2307 se-

186 2333 278 2394 eundo
290 2332 405 2392 Brutum
417 2341 446 2390 et
458 2331 592 2390 infinitam
602 2329 787 2405 nobilitatem,
808 2348 881 2407 quae
894 2329 1028 2391 cumillis
1042 2331 1107 2391 bel-

184 2418 242 2477 lum
253 2425 394 2495 gesserat,
405 2417 508 2474 victam
519 2415 731 2474 interfecerunt.
753 2414 797 2472 Ac
809 2416 852 2474 sic
864 2417 1000 2474 intereos
1013 2414 1107 2476 divisa

178 2511 230 2569 ,est
246 2519 294 2559 res
311 2499 435 2577 publica,
454 2509 484 2558 ut
495 2497 641 2576 Augustus
653 2498 813 2575 Hispanias,
834 2495 938 2558 Gallias
955 2507 984 2557 et
994 2496 1106 2559 ltaliam

185 2593 306 2659 teneret,
324 2582 462 2641 Antonius
473 2584 587 2656 Asiam,
603 2580 731 2658 Pontum,
746 2581 899 2642 Orientem.
938 2581 996 2641 Sed
1009 2584 1038 2642 in
1049 2581 1107 2643 Ita·

114 2667 172 2709 Αϋ
183 2667 222 2728 lia
233 2666 265 2726 L.
276 2666 416 2725 Antonius
429 2664 529 2725 consul
540 2664 645 2724 bellurn
657 2664 742 2724 civile
755 2667 917 2742 commovit,
933 2667 1105 2741 fratereius,

126 2736 172 2776 ⁷¹¹·
185 2754 233 2831 qui
250 2770 313 2810 eum
327 2748 452 2810 Caesare
468 2758 564 2808 contra
574 2747 689 2808 Bmtum
708 2746 895 2829 Cassiumque
911 2749 1105 2810 dimicaverat.

115 2855 172 2896 nu.
185 2835 214 2894 ls
226 2835 300 2914 apud
311 2834 467 2910 Perusiam,
480 2832 602 2892 Tusciae
615 2835 767 2910 civitatem,
780 2835 873 2893 victus
885 2843 914 2892 et
932 2842 1032 2911 captus
1046 2842 1105 2910 est,

125 2922 171 2964 ⁷¹2
184 2938 280 2998 neque
291 2921 417 2978 occisus.

127 3028 184 3071 AM·
250 3019 339 3078 Cur.
358 3017 406 3077 lv.
420 3016 504 3098 (ΙΙΙ.)
527 3017 640 3078 Interim
655 3019 771 3077 aSexto
784 3017 937 3096 Pompeio,
955 3016 1008 3078 Cn.
1021 3017 1105 3078 Pom·

133 3098 244 3183 ⁷¹²·peii
256 3103 351 3180 Magni
370 3102 447 3180 lilio,
467 3106 568 3182 ingens
580 3101 684 3163 bellum
701 3104 729 3161 in
742 3102 839 3172 Sicilia
856 3110 1028 3162 commotum
1046 3112 1104 3179 est,

185 3192 232 3265 iis,
247 3190 294 3267 qui
307 3185 503 3264 superfuerant
519 3206 556 3247 ex
566 3187 694 3266 partibus
704 3185 783 3257 Bruti
799 3183 966 3272 Cassiique,
990 3185 1027 3245 ad
1039 3199 1106 3245 eum

187 3271 405 3334 confluentibus.
428 3270 566 3331 Bellatum
578 3288 630 3350 per
641 3268 793 3330 Caesarem
803 3270 962 3348 Augustum
971 3268 1105 3331 Octavia·

103 3371 164 3414 mu.
176 3376 247 3416 num
267 3365 298 3416 et
318 3355 358 3416 bt.
376 3353 531 3417 Antonium
549 3356 686 3418 adversus
703 3354 820 3414 Sextum
835 3352 1012 3433 Pompeium.
1045 3352 1106 3415 Pax

105 3435 323 3513 ⁷¹³·p0stremo
339 3443 492 3504 convenit.
525 3478 527 3488 ,
