2318 3818
437 225 659 281 LlBlllllllll.
771 269 773 275 ,
955 217 1066 281 dlv

88 408 141 449 nus
153 391 282 468 patrique
295 389 446 448 suecessit.
475 387 546 448 Nam
559 389 630 448 Geta
646 390 737 448 hostis
750 386 881 465 publicus
898 386 1004 448 iudiea-

90 483 136 534 tus
148 472 298 532 confestim
314 475 408 551 periit.
1072 478 1075 479 ’

155 558 240 617 Gar.
258 556 323 616 XX.
341 554 423 638 (XI.)
449 554 561 616 blarcns
582 557 667 633 igitur
691 554 824 614 Aurelius
846 555 1005 616 Antoninus
1038 601 1042 608 ,

89 641 257 716 Bassianus,
284 640 416 718 idemque
429 639 600 715 Caracalla,
624 656 732 698 momn
745 638 808 698 iere
825 649 1005 717 paternorum

89 726 158 801 fuit,
176 725 261 802 paulo
274 727 403 803 asperior
414 734 443 784 et
456 725 558 784 minax
591 721 671 799 Opus
681 722 789 781 Romae
803 726 950 800 egregium
962 722 1004 781 ie·

91 811 129 869 cit
142 809 259 885 lavacri,
273 826 346 887 quae
357 808 561 868 Antoninianae
573 806 759 885 appellantur,
773 807 843 866 nihil
855 815 1003 883 praetcrea

89 976 188 1037 luliam
199 993 316 1037 uxorem
333 976 453 1037 duxerit
488 976 648 1036 Deiunotus
666 984 711 1034 est
726 976 755 1034 in
766 974 916 1034 Osdroene
927 973 1003 1052 apud
1026 993 1054 1039 ι.

88 1059 228 1121 Edessam
248 1060 368 1120 moliens
395 1060 544 1120 adversum
563 1059 681 1120 Parthos
699 1058 909 1137 expeditionem
927 1074 1000 1118 anno
1012 1062 1069 1105 ⁰·Nv

90 1146 201 1222 imperii
220 1165 259 1205 ιι.
281 1162 380 1204 mense
398 1164 431 1205 ιι.
454 1147 503 1205 vix
521 1162 658 1223 egressus
674 1146 774 1204 aetatis
790 1164 874 1205 urin.
892 1161 1003 1202 annum.
1017 1131 1064 1174 ²¹⁷·

89 1228 203 1289 Funere
217 1228 333 1307 publico
348 1228 439 1291 elatus
453 1238 508 1289 est.

154 1314 239 1374 Car.
251 1311 329 1372 XXI.
342 1311 438 1393 (ΧΗ.)
462 1311 573 1391 Opilius
585 1311 688 1372 deinde
694 1310 846 1386 Macrinus,
864 1313 912 1388 qui
923 1328 1004 1388 prae·

89 1398 183 1456 fectus
194 1398 339 1475 praetorio
353 1405 423 1472 erat,
440 1415 503 1455 cum
515 1395 573 1455 iilic
585 1395 761 1455 Diadumeno
773 1394 840 1453 lacti
852 1395 1004 1472 imperato·

89 1498 139 1541 res
163 1479 231 1540 nihil
255 1441 438 1539 memorabile
460 1498 497 1538 ex
520 1481 657 1556 temporis
680 1479 818 1538 brevitate
840 1487 1003 1555 gesserunt.
1027 1500 1056 1543 ι.

90 1562 185 1624 Nam
177 1564 326 1643 mperium
346 1579 444 1623 eorum
460 1563 544 1623 dnum
559 1563 696 1623 mensium
715 1563 840 1622 etunius
859 1564 923 1622 anni
941 1563 1002 1622 init.
1011 1569 1071 1615 GN·

91 1647 238 1708 seditione
248 1647 358 1707 militari
369 1647 452 1707 ambo
467 1649 573 1725 pariter
583 1649 674 1707 occisi
689 1656 763 1708 sunt.
1018 1639 1065 1680 ²¹⁸·

158 1733 240 1792 Car.
252 1729 344 1791 XXII.
357 1729 468 1811 (lllll.)
492 1729 611 1791 creatus
623 1739 667 1790 cst
678 1741 744 1809 post
755 1732 809 1791 bos
820 1728 859 1790 bl.
871 1729 1004 1792 Aurelius

90 1815 256 1877 Antoninus
278 1814 331 1874 llic
341 1814 474 1874 Antonini
482 1813 643 1874 Caracallae
655 1814 727 1874 iilius
736 1814 895 1892 putabatur,
908 1833 1003 1875 saeer-

91 1900 144 1961 dos
156 1907 248 1959 autam
258 1896 435 1975 Heliogabali
446 1897 545 1976 templi
557 1905 626 1956 erat.
650 1897 680 1956 Is
692 1916 754 1956 oum
765 1897 906 1958 Romam'
897 1900 1004 1982 ingenti

92 1994 122 2045 et
142 1984 258 2070 militum
274 1991 303 2042 et
323 1991 438 2042 senatus
450 1983 665 2060 exspectatione
680 1983 823 2058 venisset,
841 1983 954 2072 probris
972 2001 1005 2043 se

92 2056 220 2129 omnibns
233 2067 439 2127 contaminavit.
461 2064 687 2144 Inpudicissime
703 2074 732 2125 et
742 2055 991 2127 obscenissime'
962 2086 1005 2126 vr·

79 2155 148 2233 nit,
166 2151 338 2229 biennioque
354 2158 421 2229 post
437 2159 466 2210 et
477 2170 531 2213 v111
541 2150 686 2211 mensibus
701 2148 820 2213 tumultu
836 2150 1005 2212 interiectus
1028 2164 1056 2206 ι

92 2246 137 2298 est
147 2234 258 2296 militari
273 2244 301 2294 et
313 2253 376 2294 oum
388 2252 424 2294 eo
435 2243 525 2295 mater
538 2234 668 2294 Soaemra
684 2234 765 2313 Syra.
1015 2233 1072 2276 ⁰·N·

155 2321 240 2381 (iso.
251 2316 358 2379 XXIII.
371 2317 476 2396 (XIV.)
498 2319 648 2378 Successit
661 2317 727 2377 burc
738 2316 871 2376 Aurelios
882 2301 1055 2379 Alexan

92 2405 158 2480 der,
179 2404 214 2463 ab
232 2405 359 2463 exercitu
375 2400 498 2478 Cacsar,
522 2419 539 2461 a
556 2408 655 2461 senatu
670 2400 815 2479 Augustus
834 2331 1062 2480 nominatus.

90 2488 201 2549 iuvenis
224 2485 389 2562 admodum,
418 2493 614 2564 susceptoque
638 2484 773 2566 advepsus
795 2483 898 2547 Persas
926 2487 1004 2548 bello

90 2573 206 2637 Xerxen
217 2588 315 2631 eorum
329 2587 428 2649 regom
439 2570 648 2649 gloriosissime
660 2570 738 2630 vicit.
760 2567 909 2632 blilitarem
920 2572 1005 2634 disei-

91 2657 195 2738 plinam
206 2656 389 2717 severissime
403 2656 487 2715 rexit.
510 2652 651 2727 Quasdam
663 2653 861 2716 tumultuantes
873 2656 1004 2736 legiones

90 2745 215 2819 integras
228 2741 429 2801 exauctoravit.
460 2739 647 2798 Assessorem
662 2738 758 2798 habuit
774 2740 822 2799 vel
839 2742 936 2800 serinii
947 2762 1003 2803 ma·

91 2828 209 2901 gistrum
219 2825 378 2902 Ulpianum,
391 2825 460 2883 iuris
472 2820 656 2883 conditorem.
678 2822 786 2882 Romae
798 2842 913 2903 quoque
924 2825 1003 2887 lavo·

91 2906 188 2967 rabilis
199 2907 261 2965 fuit.
297 2906 382 2967 Periit
393 2909 421 2966 in
434 2905 523 2966 Gallia
534 2905 644 2966 militari
660 2906 778 2966 tumultu
796 2909 1004 2976 tertiodecimo
1028 2925 1054 2967 P·

92 2993 203 3069 imperii
225 3007 297 3050 anno
317 2999 350 3051 ‚et
371 2991 418 3050 die
440 3011 503 3052 ιιιι.
534 2989 567 3050 ln
588 2999 704 3051 matrem
724 3009 802 3051 suam
823 2991 1071 3060 llammaeamffl·

51 3115 54 3120 -
92 3077 176 3136 unice
195 3076 269 3152 pins.
1018 3061 1064 3104 ²³⁶·

446 3273 646 3283 unm
