<?xml version="1.0" encoding="UTF-8"?>
<!DOCTYPE html PUBLIC "-//W3C//DTD XHTML 1.0 Transitional//EN"
    "http://www.w3.org/TR/xhtml1/DTD/xhtml1-transitional.dtd">
<html xmlns="http://www.w3.org/1999/xhtml" xml:lang="en" lang="en">
 <head>
  <title>
</title>
<meta http-equiv="Content-Type" content="text/html;charset=utf-8" />
  <meta name='ocr-system' content='tesseract 3.04.00' />
  <meta name='ocr-capabilities' content='ocr_page ocr_carea ocr_par ocr_line ocrx_word'/>
</head>
<body>
  <div class='ocr_page' id='page_1' title='image "./eutropiibreviar00crugoog_0037.png"; bbox 0 0 2318 3818; ppageno 0'>
   <div class='ocr_carea' id='block_1_1' title="bbox 155 218 726 282">
    <p class='ocr_par' dir='ltr' id='par_1_1' title="bbox 155 218 726 282">
     <span class='ocr_line' id='line_1_1' title="bbox 155 218 726 282; baseline -0.005 0"><span class='ocrx_word' id='word_1_1' title='bbox 155 218 198 282; x_wconf 55' lang='grc' dir='ltr'><em>Ἃ</em></span> <span class='ocrx_word' id='word_1_2' title='bbox 384 262 387 268; x_wconf 90' lang='grc'>-</span> <span class='ocrx_word' id='word_1_3' title='bbox 508 221 726 279; x_wconf 84' lang='lat' dir='ltr'>EUTROPll</span> 
     </span>
    </p>
   </div>
   <div class='ocr_carea' id='block_1_2' title="bbox 81 383 1077 2474">
    <p class='ocr_par' dir='ltr' id='par_1_2' title="bbox 152 383 1077 1138">
     <span class='ocr_line' id='line_1_2' title="bbox 154 383 1077 464; baseline 0.003 -15"><span class='ocrx_word' id='word_1_4' title='bbox 154 397 248 449; x_wconf 87' lang='lat' dir='ltr'>tamen</span> <span class='ocrx_word' id='word_1_5' title='bbox 266 404 365 446; x_wconf 86' lang='lat' dir='ltr'>eorum</span> <span class='ocrx_word' id='word_1_6' title='bbox 385 401 422 444; x_wconf 90' lang='lat' dir='ltr'>ex</span> <span class='ocrx_word' id='word_1_7' title='bbox 435 383 506 443; x_wconf 89' lang='lat' dir='ltr'>urbe</span> <span class='ocrx_word' id='word_1_8' title='bbox 516 385 663 445; x_wconf 84' lang='lat' dir='ltr'>venientes</span> <span class='ocrx_word' id='word_1_9' title='bbox 681 385 843 445; x_wconf 88' lang='lat' dir='ltr'>aRomanis</span> <span class='ocrx_word' id='word_1_10' title='bbox 862 391 936 464; x_wconf 88' lang='lat' dir='ltr'>capti</span> <span class='ocrx_word' id='word_1_11' title='bbox 956 400 1022 450; x_wconf 85' lang='lat' dir='ltr'>sunt</span> <span class='ocrx_word' id='word_1_12' title='bbox 1045 402 1077 453; x_wconf 90' lang='lat' dir='ltr'>et</span> 
     </span>
     <span class='ocr_line' id='line_1_3' title="bbox 155 466 1074 550; baseline 0.004 -19"><span class='ocrx_word' id='word_1_13' title='bbox 155 472 270 532; x_wconf 89' lang='lat' dir='ltr'>iubente</span> <span class='ocrx_word' id='word_1_14' title='bbox 286 469 423 547; x_wconf 80' lang='lat' dir='ltr'>Scipione</span> <span class='ocrx_word' id='word_1_15' title='bbox 436 467 555 527; x_wconf 56' lang='lat' dir='ltr'>dimissi,</span> <span class='ocrx_word' id='word_1_16' title='bbox 583 466 720 528; x_wconf 83' lang='lat' dir='ltr'>Hannibal</span> <span class='ocrx_word' id='word_1_17' title='bbox 740 487 856 547; x_wconf 90' lang='lat' dir='ltr'>qnoque</span> <span class='ocrx_word' id='word_1_18' title='bbox 873 471 1074 550; x_wconf 82' lang='lat' dir='ltr'>frequentibus</span> 
     </span>
     <span class='ocr_line' id='line_1_4' title="bbox 153 551 1074 634; baseline 0.003 -19"><span class='ocrx_word' id='word_1_19' title='bbox 153 555 272 634; x_wconf 89' lang='lat' dir='ltr'>proeliis</span> <span class='ocrx_word' id='word_1_20' title='bbox 289 554 382 613; x_wconf 88' lang='lat' dir='ltr'>victus</span> <span class='ocrx_word' id='word_1_21' title='bbox 402 570 418 610; x_wconf 93' lang='lat' dir='ltr'>a</span> <span class='ocrx_word' id='word_1_22' title='bbox 436 551 572 628; x_wconf 82' lang='lat' dir='ltr'>Scipione</span> <span class='ocrx_word' id='word_1_23' title='bbox 592 554 663 629; x_wconf 88' lang='lat' dir='ltr'>petit</span> <span class='ocrx_word' id='word_1_24' title='bbox 683 553 766 612; x_wconf 87' lang='lat' dir='ltr'>etiam</span> <span class='ocrx_word' id='word_1_25' title='bbox 783 555 846 631; x_wconf 86' lang='lat' dir='ltr'>ipse</span> <span class='ocrx_word' id='word_1_26' title='bbox 862 571 971 632; x_wconf 87' lang='lat' dir='ltr'>pacem.</span> <span class='ocrx_word' id='word_1_27' title='bbox 1001 557 1074 619; x_wconf 87' lang='lat' dir='ltr'>Cum</span> 
     </span>
     <span class='ocr_line' id='line_1_5' title="bbox 152 635 1074 713; baseline 0.004 -14"><span class='ocrx_word' id='word_1_28' title='bbox 152 647 267 700; x_wconf 85' lang='lat' dir='ltr'>uentum</span> <span class='ocrx_word' id='word_1_29' title='bbox 290 645 369 696; x_wconf 88' lang='lat' dir='ltr'>esset</span> <span class='ocrx_word' id='word_1_30' title='bbox 389 636 424 695; x_wconf 89' lang='lat' dir='ltr'>ad</span> <span class='ocrx_word' id='word_1_31' title='bbox 440 635 631 713; x_wconf 82' lang='lat' dir='ltr'>colloquium,</span> <span class='ocrx_word' id='word_1_32' title='bbox 654 635 756 695; x_wconf 90' lang='lat' dir='ltr'>iisdem</span> <span class='ocrx_word' id='word_1_33' title='bbox 775 637 990 699; x_wconf 87' lang='lat' dir='ltr'>condicionibus</span> <span class='ocrx_word' id='word_1_34' title='bbox 1007 641 1074 704; x_wconf 87' lang='lat' dir='ltr'>data</span> 
     </span>
     <span class='ocr_line' id='line_1_6' title="bbox 153 717 1073 802; baseline 0.004 -20"><span class='ocrx_word' id='word_1_35' title='bbox 153 731 209 798; x_wconf 85' lang='lat' dir='ltr'>est,</span> <span class='ocrx_word' id='word_1_36' title='bbox 223 722 325 799; x_wconf 89' lang='lat' dir='ltr'>quibus</span> <span class='ocrx_word' id='word_1_37' title='bbox 333 721 421 798; x_wconf 89' lang='lat' dir='ltr'>prius.</span> <span class='ocrx_word' id='word_1_38' title='bbox 442 717 544 778; x_wconf 84' lang='lat' dir='ltr'>Addita</span> <span class='ocrx_word' id='word_1_39' title='bbox 553 721 715 797; x_wconf 86' lang='lat' dir='ltr'>quingentis</span> <span class='ocrx_word' id='word_1_40' title='bbox 727 720 839 780; x_wconf 88' lang='lat' dir='ltr'>milibus</span> <span class='ocrx_word' id='word_1_41' title='bbox 852 717 948 800; x_wconf 88' lang='lat' dir='ltr'>pondo</span> <span class='ocrx_word' id='word_1_42' title='bbox 960 729 1073 802; x_wconf 84' lang='lat' dir='ltr'>argenti</span> 
     </span>
     <span class='ocr_line' id='line_1_7' title="bbox 155 804 1072 885; baseline 0.002 -19"><span class='ocrx_word' id='word_1_43' title='bbox 155 805 260 867; x_wconf 85' lang='lat' dir='ltr'>emilia</span> <span class='ocrx_word' id='word_1_44' title='bbox 277 805 409 865; x_wconf 90' lang='lat' dir='ltr'>libramm</span> <span class='ocrx_word' id='word_1_45' title='bbox 427 811 545 881; x_wconf 85' lang='lat' dir='ltr'>propter</span> <span class='ocrx_word' id='word_1_46' title='bbox 560 818 662 863; x_wconf 90' lang='lat' dir='ltr'>novam</span> <span class='ocrx_word' id='word_1_47' title='bbox 679 804 834 881; x_wconf 86' lang='lat' dir='ltr'>perfidiam.</span> <span class='ocrx_word' id='word_1_48' title='bbox 856 804 1072 885; x_wconf 77' lang='lat' dir='ltr'>Carthaginien-</span> 
     </span>
     <span class='ocr_line' id='line_1_8' title="bbox 154 882 1073 967; baseline 0.003 -18"><span class='ocrx_word' id='word_1_49' title='bbox 154 891 234 950; x_wconf 88' lang='lat' dir='ltr'>sibus</span> <span class='ocrx_word' id='word_1_50' title='bbox 250 889 433 949; x_wconf 91' lang='lat' dir='ltr'>condiciones</span> <span class='ocrx_word' id='word_1_51' title='bbox 445 882 660 963; x_wconf 88' lang='lat' dir='ltr'>displicuerunt,</span> <span class='ocrx_word' id='word_1_52' title='bbox 673 890 873 967; x_wconf 88' lang='lat' dir='ltr'>iusseruntque</span> <span class='ocrx_word' id='word_1_53' title='bbox 885 889 1073 952; x_wconf 88' lang='lat' dir='ltr'>Hannibalern</span> 
     </span>
     <span class='ocr_line' id='line_1_9' title="bbox 155 970 1072 1052; baseline 0.003 -19"><span class='ocrx_word' id='word_1_54' title='bbox 155 991 292 1052; x_wconf 79' lang='lat' dir='ltr'>pugnare.</span> <span class='ocrx_word' id='word_1_55' title='bbox 315 970 437 1031; x_wconf 84' lang='lat' dir='ltr'>lnlertur</span> <span class='ocrx_word' id='word_1_56' title='bbox 449 989 464 1029; x_wconf 90' lang='lat' dir='ltr'>a</span> <span class='ocrx_word' id='word_1_57' title='bbox 477 971 612 1048; x_wconf 87' lang='lat' dir='ltr'>Scipione</span> <span class='ocrx_word' id='word_1_58' title='bbox 626 979 655 1029; x_wconf 86' lang='lat' dir='ltr'>et</span> <span class='ocrx_word' id='word_1_59' title='bbox 665 970 834 1049; x_wconf 83' lang='lat' dir='ltr'>Masinissa,</span> <span class='ocrx_word' id='word_1_60' title='bbox 858 973 914 1033; x_wconf 90' lang='lat' dir='ltr'>alio</span> <span class='ocrx_word' id='word_1_61' title='bbox 931 993 1000 1052; x_wconf 84' lang='lat' dir='ltr'>rege</span> <span class='ocrx_word' id='word_1_62' title='bbox 1010 976 1072 1037; x_wconf 90' lang='lat' dir='ltr'>Nu·</span> 
     </span>
     <span class='ocr_line' id='line_1_10' title="bbox 154 1055 1073 1138; baseline 0.004 -21"><span class='ocrx_word' id='word_1_63' title='bbox 154 1057 298 1134; x_wconf 90' lang='lat' dir='ltr'>midarum,</span> <span class='ocrx_word' id='word_1_64' title='bbox 318 1057 365 1133; x_wconf 92' lang='lat' dir='ltr'>qui</span> <span class='ocrx_word' id='word_1_65' title='bbox 377 1056 527 1115; x_wconf 89' lang='lat' dir='ltr'>amicitiam</span> <span class='ocrx_word' id='word_1_66' title='bbox 539 1072 602 1113; x_wconf 89' lang='lat' dir='ltr'>oum</span> <span class='ocrx_word' id='word_1_67' title='bbox 613 1055 752 1133; x_wconf 87' lang='lat' dir='ltr'>Scipione</span> <span class='ocrx_word' id='word_1_68' title='bbox 764 1056 884 1133; x_wconf 87' lang='lat' dir='ltr'>fecerat,</span> <span class='ocrx_word' id='word_1_69' title='bbox 906 1056 1073 1138; x_wconf 80' lang='lat' dir='ltr'>Carthagini</span> 
     </span>
    </p>

    <p class='ocr_par' dir='ltr' id='par_1_3' title="bbox 129 1131 1072 1221">
     <span class='ocr_line' id='line_1_11' title="bbox 129 1131 1072 1221; baseline 0.004 -21"><span class='ocrx_word' id='word_1_70' title='bbox 129 1131 131 1137; x_wconf 34' lang='lat'><strong>¹</strong></span> <span class='ocrx_word' id='word_1_71' title='bbox 153 1140 268 1202; x_wconf 90' lang='lat' dir='ltr'>bellum.</span> <span class='ocrx_word' id='word_1_72' title='bbox 282 1138 391 1219; x_wconf 84' lang='lat' dir='ltr'>(xrll.)</span> <span class='ocrx_word' id='word_1_73' title='bbox 427 1137 565 1198; x_wconf 88' lang='lat' dir='ltr'>Hannibal</span> <span class='ocrx_word' id='word_1_74' title='bbox 582 1147 640 1198; x_wconf 84' lang='lat' dir='ltr'>tres</span> <span class='ocrx_word' id='word_1_75' title='bbox 660 1139 856 1217; x_wconf 82' lang='lat' dir='ltr'>exploratores</span> <span class='ocrx_word' id='word_1_76' title='bbox 873 1141 908 1201; x_wconf 89' lang='lat' dir='ltr'>ad</span> <span class='ocrx_word' id='word_1_77' title='bbox 925 1143 1072 1221; x_wconf 87' lang='lat' dir='ltr'>Scipionis</span> 
     </span>
    </p>

    <p class='ocr_par' dir='ltr' id='par_1_4' title="bbox 113 1222 1073 1538">
     <span class='ocr_line' id='line_1_12' title="bbox 113 1222 1071 1302; baseline 0.003 -18"><span class='ocrx_word' id='word_1_78' title='bbox 113 1222 116 1226; x_wconf 71' lang='grc'><strong>’</strong></span> <span class='ocrx_word' id='word_1_79' title='bbox 155 1234 246 1284; x_wconf 90' lang='lat' dir='ltr'>castra</span> <span class='ocrx_word' id='word_1_80' title='bbox 256 1225 342 1299; x_wconf 80' lang='lat' dir='ltr'>misit,</span> <span class='ocrx_word' id='word_1_81' title='bbox 356 1240 429 1301; x_wconf 89' lang='lat' dir='ltr'>quos</span> <span class='ocrx_word' id='word_1_82' title='bbox 442 1232 542 1300; x_wconf 87' lang='lat' dir='ltr'>captos</span> <span class='ocrx_word' id='word_1_83' title='bbox 554 1224 653 1301; x_wconf 88' lang='lat' dir='ltr'>Scipio</span> <span class='ocrx_word' id='word_1_84' title='bbox 662 1223 833 1283; x_wconf 85' lang='lat' dir='ltr'>circumduci</span> <span class='ocrx_word' id='word_1_85' title='bbox 846 1236 998 1302; x_wconf 87' lang='lat' dir='ltr'>percastra</span> <span class='ocrx_word' id='word_1_86' title='bbox 1011 1227 1071 1288; x_wconf 88' lang='lat' dir='ltr'>ius·</span> 
     </span>
     <span class='ocr_line' id='line_1_13' title="bbox 154 1308 1073 1387; baseline 0.003 -19"><span class='ocrx_word' id='word_1_87' title='bbox 154 1311 200 1385; x_wconf 87' lang='lat' dir='ltr'>sit,</span> <span class='ocrx_word' id='word_1_88' title='bbox 216 1308 386 1386; x_wconf 88' lang='lat' dir='ltr'>ostendique</span> <span class='ocrx_word' id='word_1_89' title='bbox 401 1309 443 1366; x_wconf 88' lang='lat' dir='ltr'>eis</span> <span class='ocrx_word' id='word_1_90' title='bbox 458 1314 548 1367; x_wconf 88' lang='lat' dir='ltr'>totum</span> <span class='ocrx_word' id='word_1_91' title='bbox 561 1309 725 1384; x_wconf 88' lang='lat' dir='ltr'>exercitum,</span> <span class='ocrx_word' id='word_1_92' title='bbox 746 1325 812 1367; x_wconf 82' lang='lat' dir='ltr'>mon</span> <span class='ocrx_word' id='word_1_93' title='bbox 823 1311 907 1368; x_wconf 90' lang='lat' dir='ltr'>etiam</span> <span class='ocrx_word' id='word_1_94' title='bbox 922 1310 1073 1387; x_wconf 88' lang='lat' dir='ltr'>prandium</span> 
     </span>
     <span class='ocr_line' id='line_1_14' title="bbox 153 1390 1071 1472; baseline 0.002 -19"><span class='ocrx_word' id='word_1_95' title='bbox 153 1393 224 1469; x_wconf 88' lang='lat' dir='ltr'>dari,</span> <span class='ocrx_word' id='word_1_96' title='bbox 241 1392 409 1471; x_wconf 81' lang='lat' dir='ltr'>dimittique,</span> <span class='ocrx_word' id='word_1_97' title='bbox 422 1400 452 1450; x_wconf 90' lang='lat' dir='ltr'>ut</span> <span class='ocrx_word' id='word_1_98' title='bbox 463 1394 654 1451; x_wconf 86' lang='lat' dir='ltr'>renuntiarent</span> <span class='ocrx_word' id='word_1_99' title='bbox 664 1390 821 1468; x_wconf 88' lang='lat' dir='ltr'>Hannibali,</span> <span class='ocrx_word' id='word_1_100' title='bbox 840 1411 913 1472; x_wconf 90' lang='lat' dir='ltr'>quae</span> <span class='ocrx_word' id='word_1_101' title='bbox 924 1394 999 1471; x_wconf 90' lang='lat' dir='ltr'>apud</span> <span class='ocrx_word' id='word_1_102' title='bbox 1010 1394 1071 1455; x_wconf 80' lang='lat' dir='ltr'>llo-</span> 
     </span>
     <span class='ocr_line' id='line_1_15' title="bbox 149 1477 411 1538; baseline -0.011 -1"><span class='ocrx_word' id='word_1_103' title='bbox 149 1495 250 1538; x_wconf 90' lang='lat' dir='ltr'>manos</span> <span class='ocrx_word' id='word_1_104' title='bbox 262 1477 411 1536; x_wconf 88' lang='lat' dir='ltr'>vidissent.</span> 
     </span>
    </p>

    <p class='ocr_par' dir='ltr' id='par_1_5' title="bbox 150 1556 1072 2140">
     <span class='ocr_line' id='line_1_16' title="bbox 219 1556 1071 1636; baseline 0.001 -16"><span class='ocrx_word' id='word_1_105' title='bbox 219 1562 307 1620; x_wconf 80' lang='lat' dir='ltr'>Gur.</span> <span class='ocrx_word' id='word_1_106' title='bbox 322 1556 427 1618; x_wconf 84' lang='lat' dir='ltr'>xxlll.</span> <span class='ocrx_word' id='word_1_107' title='bbox 459 1556 570 1615; x_wconf 89' lang='lat' dir='ltr'>Interea</span> <span class='ocrx_word' id='word_1_108' title='bbox 594 1558 732 1634; x_wconf 88' lang='lat' dir='ltr'>proelium</span> <span class='ocrx_word' id='word_1_109' title='bbox 751 1559 786 1617; x_wconf 92' lang='lat' dir='ltr'>ab</span> <span class='ocrx_word' id='word_1_110' title='bbox 802 1568 923 1636; x_wconf 85' lang='lat' dir='ltr'>utroque</span> <span class='ocrx_word' id='word_1_111' title='bbox 936 1560 1009 1620; x_wconf 92' lang='lat' dir='ltr'>duce</span> <span class='ocrx_word' id='word_1_112' title='bbox 1028 1566 1071 1622; x_wconf 91' lang='lat' dir='ltr'>in·</span> 
     </span>
     <span class='ocr_line' id='line_1_17' title="bbox 152 1637 1072 1718; baseline 0.002 -14"><span class='ocrx_word' id='word_1_113' title='bbox 152 1653 288 1704; x_wconf 88' lang='lat' dir='ltr'>structum</span> <span class='ocrx_word' id='word_1_114' title='bbox 304 1651 357 1715; x_wconf 90' lang='lat' dir='ltr'>est,</span> <span class='ocrx_word' id='word_1_115' title='bbox 374 1638 458 1716; x_wconf 89' lang='lat' dir='ltr'>quale</span> <span class='ocrx_word' id='word_1_116' title='bbox 469 1637 583 1696; x_wconf 87' lang='lat' dir='ltr'>vixulla</span> <span class='ocrx_word' id='word_1_117' title='bbox 593 1642 730 1698; x_wconf 90' lang='lat' dir='ltr'>memoria</span> <span class='ocrx_word' id='word_1_118' title='bbox 742 1641 811 1715; x_wconf 85' lang='lat' dir='ltr'>luit,</span> <span class='ocrx_word' id='word_1_119' title='bbox 826 1657 890 1699; x_wconf 90' lang='lat' dir='ltr'>oum</span> <span class='ocrx_word' id='word_1_120' title='bbox 901 1645 1072 1718; x_wconf 87' lang='lat' dir='ltr'>peritissimi</span> 
     </span>
     <span class='ocr_line' id='line_1_18' title="bbox 153 1719 1071 1804; baseline 0.001 -17"><span class='ocrx_word' id='word_1_121' title='bbox 153 1729 207 1786; x_wconf 83' lang='lat' dir='ltr'>viri</span> <span class='ocrx_word' id='word_1_122' title='bbox 219 1728 319 1804; x_wconf 90' lang='lat' dir='ltr'>copias</span> <span class='ocrx_word' id='word_1_123' title='bbox 333 1741 399 1782; x_wconf 89' lang='lat' dir='ltr'>suas</span> <span class='ocrx_word' id='word_1_124' title='bbox 411 1720 446 1781; x_wconf 94' lang='lat' dir='ltr'>ad</span> <span class='ocrx_word' id='word_1_125' title='bbox 458 1719 563 1779; x_wconf 91' lang='lat' dir='ltr'>bellurn</span> <span class='ocrx_word' id='word_1_126' title='bbox 579 1720 743 1780; x_wconf 82' lang='lat' dir='ltr'>educerent.</span> <span class='ocrx_word' id='word_1_127' title='bbox 768 1721 866 1800; x_wconf 89' lang='lat' dir='ltr'>Scipio</span> <span class='ocrx_word' id='word_1_128' title='bbox 882 1726 975 1785; x_wconf 84' lang='lat' dir='ltr'>victor</span> <span class='ocrx_word' id='word_1_129' title='bbox 985 1744 1071 1788; x_wconf 89' lang='lat' dir='ltr'>rece·</span> 
     </span>
     <span class='ocr_line' id='line_1_19' title="bbox 153 1803 1071 1889; baseline 0.001 -19"><span class='ocrx_word' id='word_1_130' title='bbox 153 1809 193 1870; x_wconf 89' lang='lat' dir='ltr'>dit</span> <span class='ocrx_word' id='word_1_131' title='bbox 212 1827 302 1889; x_wconf 90' lang='lat' dir='ltr'>paene</span> <span class='ocrx_word' id='word_1_132' title='bbox 319 1809 384 1884; x_wconf 93' lang='lat' dir='ltr'>ipso</span> <span class='ocrx_word' id='word_1_133' title='bbox 403 1803 558 1864; x_wconf 83' lang='lat' dir='ltr'>Hannibale</span> <span class='ocrx_word' id='word_1_134' title='bbox 575 1813 675 1883; x_wconf 84' lang='lat' dir='ltr'>capto,</span> <span class='ocrx_word' id='word_1_135' title='bbox 700 1808 748 1884; x_wconf 90' lang='lat' dir='ltr'>qui</span> <span class='ocrx_word' id='word_1_136' title='bbox 766 1808 960 1884; x_wconf 89' lang='lat' dir='ltr'>primumcum</span> <span class='ocrx_word' id='word_1_137' title='bbox 971 1810 1071 1872; x_wconf 88' lang='lat' dir='ltr'>multis</span> 
     </span>
     <span class='ocr_line' id='line_1_20' title="bbox 153 1890 1069 1974; baseline 0.002 -20"><span class='ocrx_word' id='word_1_138' title='bbox 153 1895 307 1974; x_wconf 89' lang='lat' dir='ltr'>equitibus,</span> <span class='ocrx_word' id='word_1_139' title='bbox 325 1890 427 1951; x_wconf 88' lang='lat' dir='ltr'>deinde</span> <span class='ocrx_word' id='word_1_140' title='bbox 440 1907 503 1948; x_wconf 91' lang='lat' dir='ltr'>cnm</span> <span class='ocrx_word' id='word_1_141' title='bbox 514 1907 568 1965; x_wconf 83' lang='lat' dir='ltr'>nx,</span> <span class='ocrx_word' id='word_1_142' title='bbox 589 1898 735 1968; x_wconf 92' lang='lat' dir='ltr'>postremo</span> <span class='ocrx_word' id='word_1_143' title='bbox 748 1908 811 1950; x_wconf 87' lang='lat' dir='ltr'>cum</span> <span class='ocrx_word' id='word_1_144' title='bbox 825 1900 946 1969; x_wconf 85' lang='lat' dir='ltr'>quatuor</span> <span class='ocrx_word' id='word_1_145' title='bbox 964 1899 1069 1958; x_wconf 87' lang='lat' dir='ltr'>evasit.</span> 
     </span>
     <span class='ocr_line' id='line_1_21' title="bbox 150 1972 1069 2053; baseline 0.004 -17"><span class='ocrx_word' id='word_1_146' title='bbox 150 1977 267 2038; x_wconf 84' lang='lat' dir='ltr'>Inventa</span> <span class='ocrx_word' id='word_1_147' title='bbox 280 1980 308 2037; x_wconf 93' lang='lat' dir='ltr'>in</span> <span class='ocrx_word' id='word_1_148' title='bbox 320 1977 420 2036; x_wconf 89' lang='lat' dir='ltr'>castris</span> <span class='ocrx_word' id='word_1_149' title='bbox 432 1972 594 2032; x_wconf 86' lang='lat' dir='ltr'>Hannibalis</span> <span class='ocrx_word' id='word_1_150' title='bbox 606 1977 715 2051; x_wconf 83' lang='lat' dir='ltr'>argenti</span> <span class='ocrx_word' id='word_1_151' title='bbox 727 1974 822 2052; x_wconf 92' lang='lat' dir='ltr'>pondo</span> <span class='ocrx_word' id='word_1_152' title='bbox 836 1994 874 2035; x_wconf 80' lang='lat' dir='ltr'>xx</span> <span class='ocrx_word' id='word_1_153' title='bbox 889 1977 980 2053; x_wconf 88' lang='lat' dir='ltr'>milia,</span> <span class='ocrx_word' id='word_1_154' title='bbox 1006 1982 1069 2041; x_wconf 91' lang='lat' dir='ltr'>auri</span> 
     </span>
     <span class='ocr_line' id='line_1_22' title="bbox 150 2056 1069 2140; baseline 0.002 -19"><span class='ocrx_word' id='word_1_155' title='bbox 150 2080 236 2136; x_wconf 79' lang='lat' dir='ltr'>nm,</span> <span class='ocrx_word' id='word_1_156' title='bbox 251 2070 347 2118; x_wconf 85' lang='lat' dir='ltr'>cetera</span> <span class='ocrx_word' id='word_1_157' title='bbox 359 2056 547 2134; x_wconf 89' lang='lat' dir='ltr'>supellectilis</span> <span class='ocrx_word' id='word_1_158' title='bbox 568 2060 696 2134; x_wconf 90' lang='lat' dir='ltr'>copiosa.</span> <span class='ocrx_word' id='word_1_159' title='bbox 730 2057 798 2117; x_wconf 82' lang='lat' dir='ltr'>Post</span> <span class='ocrx_word' id='word_1_160' title='bbox 809 2059 838 2118; x_wconf 94' lang='lat' dir='ltr'>id</span> <span class='ocrx_word' id='word_1_161' title='bbox 853 2069 994 2120; x_wconf 89' lang='lat' dir='ltr'>certarnen</span> <span class='ocrx_word' id='word_1_162' title='bbox 1010 2081 1069 2140; x_wconf 81' lang='lat' dir='ltr'>pax</span> 
     </span>
    </p>

    <p class='ocr_par' dir='ltr' id='par_1_6' title="bbox 81 2139 1068 2392">
     <span class='ocr_line' id='line_1_23' title="bbox 81 2139 1066 2224; baseline -0.001 -17"><span class='ocrx_word' id='word_1_163' title='bbox 81 2168 137 2210; x_wconf 76' lang='lat' dir='ltr'>nm.</span> <span class='ocrx_word' id='word_1_164' title='bbox 150 2162 213 2204; x_wconf 88' lang='lat' dir='ltr'>oum</span> <span class='ocrx_word' id='word_1_165' title='bbox 235 2140 513 2220; x_wconf 80' lang='lat' dir='ltr'>Cartbaginiensibus</span> <span class='ocrx_word' id='word_1_166' title='bbox 533 2139 607 2199; x_wconf 87' lang='lat' dir='ltr'>facta</span> <span class='ocrx_word' id='word_1_167' title='bbox 627 2151 679 2201; x_wconf 91' lang='lat' dir='ltr'>est.</span> <span class='ocrx_word' id='word_1_168' title='bbox 714 2143 811 2219; x_wconf 88' lang='lat' dir='ltr'>Scipio</span> <span class='ocrx_word' id='word_1_169' title='bbox 831 2143 949 2204; x_wconf 90' lang='lat' dir='ltr'>Romam</span> <span class='ocrx_word' id='word_1_170' title='bbox 969 2146 1066 2224; x_wconf 86' lang='lat' dir='ltr'>rediit,</span> 
     </span>
     <span class='ocr_line' id='line_1_24' title="bbox 94 2223 1068 2309; baseline 0.002 -21"><span class='ocrx_word' id='word_1_171' title='bbox 94 2236 140 2278; x_wconf 74' lang='lat'><strong>⁶⁵1·</strong></span> <span class='ocrx_word' id='word_1_172' title='bbox 151 2229 258 2305; x_wconf 86' lang='lat' dir='ltr'>ingenti</span> <span class='ocrx_word' id='word_1_173' title='bbox 273 2226 366 2304; x_wconf 85' lang='lat' dir='ltr'>gloria</span> <span class='ocrx_word' id='word_1_174' title='bbox 376 2223 557 2300; x_wconf 88' lang='lat' dir='ltr'>triumphavit</span> <span class='ocrx_word' id='word_1_175' title='bbox 568 2233 652 2302; x_wconf 85' lang='lat' dir='ltr'>atque</span> <span class='ocrx_word' id='word_1_176' title='bbox 665 2224 815 2285; x_wconf 81' lang='lat' dir='ltr'>Africanus</span> <span class='ocrx_word' id='word_1_177' title='bbox 828 2245 864 2287; x_wconf 82' lang='lat' dir='ltr'>ex</span> <span class='ocrx_word' id='word_1_178' title='bbox 878 2243 914 2286; x_wconf 89' lang='lat' dir='ltr'>eo</span> <span class='ocrx_word' id='word_1_179' title='bbox 926 2230 1068 2309; x_wconf 78' lang='lat' dir='ltr'>appellari</span> 
     </span>
     <span class='ocr_line' id='line_1_25' title="bbox 152 2308 1067 2392; baseline 0.004 -22"><span class='ocrx_word' id='word_1_180' title='bbox 152 2320 273 2392; x_wconf 88' lang='lat' dir='ltr'>coeptus</span> <span class='ocrx_word' id='word_1_181' title='bbox 292 2319 345 2371; x_wconf 88' lang='lat' dir='ltr'>est.</span> <span class='ocrx_word' id='word_1_182' title='bbox 385 2308 484 2368; x_wconf 81' lang='lat' dir='ltr'>Finem</span> <span class='ocrx_word' id='word_1_183' title='bbox 501 2310 615 2386; x_wconf 86' lang='lat' dir='ltr'>accepit</span> <span class='ocrx_word' id='word_1_184' title='bbox 636 2309 790 2368; x_wconf 87' lang='lat' dir='ltr'>seeundum</span> <span class='ocrx_word' id='word_1_185' title='bbox 805 2309 940 2371; x_wconf 91' lang='lat' dir='ltr'>Punicum</span> <span class='ocrx_word' id='word_1_186' title='bbox 958 2313 1067 2374; x_wconf 91' lang='lat' dir='ltr'>bellum</span> 
     </span>
    </p>

    <p class='ocr_par' dir='ltr' id='par_1_7' title="bbox 104 2391 1047 2474">
     <span class='ocr_line' id='line_1_26' title="bbox 104 2391 1047 2474; baseline -0.002 -18"><span class='ocrx_word' id='word_1_187' title='bbox 104 2398 115 2409; x_wconf 62' lang='lat'>²</span> <span class='ocrx_word' id='word_1_188' title='bbox 150 2405 218 2474; x_wconf 88' lang='lat' dir='ltr'>post</span> <span class='ocrx_word' id='word_1_189' title='bbox 233 2391 607 2468; x_wconf 88' lang='lat' dir='ltr'>annnmnonumdeoimnm,</span> <span class='ocrx_word' id='word_1_190' title='bbox 622 2403 860 2472; x_wconf 89' lang='lat' dir='ltr'>qnamcoeperat.</span> <span class='ocrx_word' id='word_1_191' title='bbox 943 2447 945 2452; x_wconf 29' lang='lat' dir='ltr'>s</span> <span class='ocrx_word' id='word_1_192' title='bbox 1045 2433 1047 2437; x_wconf 30' lang='grc' dir='ltr'><em>ψ</em></span> 
     </span>
    </p>
   </div>
   <div class='ocr_carea' id='block_1_3' title="bbox 504 2586 707 2598">
    <p class='ocr_par' dir='ltr' id='par_1_8' title="bbox 504 2586 707 2598">
     <span class='ocr_line' id='line_1_27' title="bbox 504 2586 707 2598; baseline 0.01 -2"><span class='ocrx_word' id='word_1_193' title='bbox 504 2586 707 2598; x_wconf 71' lang='lat'>———-</span> 
     </span>
    </p>
   </div>
   <div class='ocr_carea' id='block_1_4' title="bbox 374 2743 839 2828">
    <p class='ocr_par' dir='ltr' id='par_1_9' title="bbox 374 2743 839 2828">
     <span class='ocr_line' id='line_1_28' title="bbox 374 2743 839 2828; baseline 0.004 -18"><span class='ocrx_word' id='word_1_194' title='bbox 374 2743 839 2828; x_wconf 82' lang='lat' dir='ltr'>nrnnnounnrus·</span> 
     </span>
    </p>
   </div>
   <div class='ocr_carea' id='block_1_5' title="bbox 451 2923 752 3003">
    <p class='ocr_par' dir='ltr' id='par_1_10' title="bbox 451 2923 752 3003">
     <span class='ocr_line' id='line_1_29' title="bbox 451 2923 752 3003; baseline 0.013 -7"><span class='ocrx_word' id='word_1_195' title='bbox 451 2923 752 3003; x_wconf 83' lang='lat' dir='ltr'>nnuuurrrruu.</span> 
     </span>
    </p>
   </div>
   <div class='ocr_carea' id='block_1_6' title="bbox 123 3061 1064 3487">
    <p class='ocr_par' dir='ltr' id='par_1_11' title="bbox 143 3061 1064 3410">
     <span class='ocr_line' id='line_1_30' title="bbox 192 3061 1064 3137; baseline 0.011 -25"><span class='ocrx_word' id='word_1_196' title='bbox 192 3061 217 3116; x_wconf 89' lang='lat'>1.</span> <span class='ocrx_word' id='word_1_197' title='bbox 225 3061 252 3112; x_wconf 79' lang='lat'>2.</span> <span class='ocrx_word' id='word_1_198' title='bbox 262 3061 358 3112; x_wconf 90' lang='lat' dir='ltr'>Bellum</span> <span class='ocrx_word' id='word_1_199' title='bbox 364 3063 552 3118; x_wconf 85' lang='lat' dir='ltr'>Macedonicum</span> <span class='ocrx_word' id='word_1_200' title='bbox 561 3077 645 3120; x_wconf 87' lang='lat' dir='ltr'>contra</span> <span class='ocrx_word' id='word_1_201' title='bbox 650 3069 793 3135; x_wconf 87' lang='lat' dir='ltr'>Philippum</span> <span class='ocrx_word' id='word_1_202' title='bbox 802 3085 895 3137; x_wconf 81' lang='lat' dir='ltr'>regern.</span> <span class='ocrx_word' id='word_1_203' title='bbox 908 3070 934 3124; x_wconf 77' lang='lat' dir='ltr'>e.</span> <span class='ocrx_word' id='word_1_204' title='bbox 942 3067 970 3120; x_wconf 86' lang='lat'>4.</span> <span class='ocrx_word' id='word_1_205' title='bbox 979 3069 1064 3135; x_wconf 75' lang='lat' dir='ltr'>Spain-</span> 
     </span>
     <span class='ocr_line' id='line_1_31' title="bbox 147 3133 1064 3205; baseline 0.01 -23"><span class='ocrx_word' id='word_1_206' title='bbox 147 3146 205 3182; x_wconf 83' lang='lat' dir='ltr'>oum</span> <span class='ocrx_word' id='word_1_207' title='bbox 223 3139 308 3183; x_wconf 87' lang='lat' dir='ltr'>eontra</span> <span class='ocrx_word' id='word_1_208' title='bbox 321 3133 472 3186; x_wconf 84' lang='lat' dir='ltr'>Antiochum</span> <span class='ocrx_word' id='word_1_209' title='bbox 480 3152 574 3202; x_wconf 83' lang='lat' dir='ltr'>regern.</span> <span class='ocrx_word' id='word_1_210' title='bbox 603 3138 630 3189; x_wconf 82' lang='lat'>5.</span> <span class='ocrx_word' id='word_1_211' title='bbox 641 3139 721 3189; x_wconf 76' lang='lat' dir='ltr'>Fulvii</span> <span class='ocrx_word' id='word_1_212' title='bbox 734 3140 765 3190; x_wconf 84' lang='lat' dir='ltr'>dc</span> <span class='ocrx_word' id='word_1_213' title='bbox 773 3140 869 3189; x_wconf 81' lang='lat' dir='ltr'>Aetolis</span> <span class='ocrx_word' id='word_1_214' title='bbox 882 3139 1024 3205; x_wconf 88' lang='lat' dir='ltr'>triumphus</span> <span class='ocrx_word' id='word_1_215' title='bbox 1038 3149 1064 3191; x_wconf 83' lang='lat' dir='ltr'>ct</span> 
     </span>
     <span class='ocr_line' id='line_1_32' title="bbox 146 3200 1063 3260; baseline 0.009 -10"><span class='ocrx_word' id='word_1_216' title='bbox 146 3200 373 3252; x_wconf 83' lang='lat' dir='ltr'>morsHennibalis·</span> <span class='ocrx_word' id='word_1_217' title='bbox 394 3201 451 3256; x_wconf 84' lang='grc'><strong>6-8.</strong></span> <span class='ocrx_word' id='word_1_218' title='bbox 458 3205 556 3256; x_wconf 86' lang='lat' dir='ltr'>Bellum</span> <span class='ocrx_word' id='word_1_219' title='bbox 565 3205 754 3257; x_wconf 84' lang='lat' dir='ltr'>Macedonicum</span> <span class='ocrx_word' id='word_1_220' title='bbox 763 3209 901 3257; x_wconf 86' lang='lat' dir='ltr'>secundum</span> <span class='ocrx_word' id='word_1_221' title='bbox 911 3217 996 3260; x_wconf 86' lang='lat' dir='ltr'>contre</span> <span class='ocrx_word' id='word_1_222' title='bbox 1002 3208 1063 3258; x_wconf 88' lang='lat' dir='ltr'>Per-</span> 
     </span>
     <span class='ocr_line' id='line_1_33' title="bbox 146 3269 1064 3342; baseline 0.01 -23"><span class='ocrx_word' id='word_1_223' title='bbox 146 3285 219 3320; x_wconf 85' lang='lat' dir='ltr'>seum</span> <span class='ocrx_word' id='word_1_224' title='bbox 228 3278 252 3319; x_wconf 88' lang='lat' dir='ltr'>et</span> <span class='ocrx_word' id='word_1_225' title='bbox 260 3269 384 3336; x_wconf 70' lang='lat' dir='ltr'>Illyricum</span> <span class='ocrx_word' id='word_1_226' title='bbox 392 3280 477 3322; x_wconf 86' lang='lat' dir='ltr'>contra</span> <span class='ocrx_word' id='word_1_227' title='bbox 487 3273 603 3325; x_wconf 88' lang='lat' dir='ltr'>Gentium</span> <span class='ocrx_word' id='word_1_228' title='bbox 611 3276 779 3342; x_wconf 87' lang='lat' dir='ltr'>triumphique</span> <span class='ocrx_word' id='word_1_229' title='bbox 789 3277 821 3327; x_wconf 86' lang='lat' dir='ltr'>de</span> <span class='ocrx_word' id='word_1_230' title='bbox 832 3279 863 3326; x_wconf 86' lang='lat' dir='ltr'>iis</span> <span class='ocrx_word' id='word_1_231' title='bbox 872 3279 928 3327; x_wconf 86' lang='lat' dir='ltr'>aeti.</span> <span class='ocrx_word' id='word_1_232' title='bbox 950 3275 976 3330; x_wconf 83' lang='lat'>9.</span> <span class='ocrx_word' id='word_1_233' title='bbox 987 3277 1064 3328; x_wconf 84' lang='lat' dir='ltr'>Resa</span> 
     </span>
     <span class='ocr_line' id='line_1_34' title="bbox 143 3337 1062 3410; baseline 0.009 -23"><span class='ocrx_word' id='word_1_234' title='bbox 143 3337 265 3392; x_wconf 87' lang='lat' dir='ltr'>Mummio</span> <span class='ocrx_word' id='word_1_235' title='bbox 276 3339 302 3388; x_wconf 91' lang='lat' dir='ltr'>in</span> <span class='ocrx_word' id='word_1_236' title='bbox 310 3339 555 3408; x_wconf 85' lang='lat' dir='ltr'>Hipaniaprospere</span> <span class='ocrx_word' id='word_1_237' title='bbox 564 3353 659 3410; x_wconf 83' lang='lat' dir='ltr'>gestae.</span> <span class='ocrx_word' id='word_1_238' title='bbox 678 3342 770 3399; x_wconf 71' lang='lat'>10-12.</span> <span class='ocrx_word' id='word_1_239' title='bbox 777 3345 874 3398; x_wconf 87' lang='lat' dir='ltr'>Bellum</span> <span class='ocrx_word' id='word_1_240' title='bbox 881 3345 1003 3395; x_wconf 89' lang='lat' dir='ltr'>Punicum</span> <span class='ocrx_word' id='word_1_241' title='bbox 1011 3353 1062 3395; x_wconf 82' lang='lat' dir='ltr'>ter-</span> 
     </span>
    </p>

    <p class='ocr_par' dir='ltr' id='par_1_12' title="bbox 123 3406 1062 3487">
     <span class='ocr_line' id='line_1_35' title="bbox 123 3406 1062 3487; baseline 0.011 -32"><span class='ocrx_word' id='word_1_242' title='bbox 123 3428 124 3432; x_wconf 42' lang='lat'>¹</span> <span class='ocrx_word' id='word_1_243' title='bbox 144 3406 208 3456; x_wconf 78' lang='lat' dir='ltr'>tium</span> <span class='ocrx_word' id='word_1_244' title='bbox 226 3406 416 3474; x_wconf 74' lang='lat' dir='ltr'>etcarthaginis</span> <span class='ocrx_word' id='word_1_245' title='bbox 432 3411 567 3487; x_wconf 79' lang='lat' dir='ltr'>excidium.</span> <span class='ocrx_word' id='word_1_246' title='bbox 594 3411 634 3466; x_wconf 80' lang='lat'>13.</span> <span class='ocrx_word' id='word_1_247' title='bbox 652 3412 750 3486; x_wconf 81' lang='lat' dir='ltr'>Bellum</span> <span class='ocrx_word' id='word_1_248' title='bbox 761 3413 951 3464; x_wconf 81' lang='lat' dir='ltr'>Macedonicum</span> <span class='ocrx_word' id='word_1_249' title='bbox 958 3417 1062 3465; x_wconf 85' lang='lat' dir='ltr'>tertium</span> 
     </span>
    </p>
   </div>
   <div class='ocr_carea' id='block_1_7' title="bbox 0 0 1164 3818">
    <p class='ocr_par' dir='ltr' id='par_1_13' title="bbox 0 0 1164 3818">
     <span class='ocr_line' id='line_1_36' title="bbox 0 0 1164 3818; baseline 0 3"><span class='ocrx_word' id='word_1_250' title='bbox 0 0 1164 3818; x_wconf 95' lang='lat' dir='ltr'> </span> 
     </span>
    </p>
   </div>
  </div>
 </body>
</html>
