2318 3818
427 177 645 244 'clauum
754 210 759 219 ·
956 183 996 248 17

82 355 175 414 rictus
187 361 240 411 εει.
262 350 334 411 Nam
345 369 382 411 ex
394 371 468 412 ccxx
479 351 597 414 navibus
608 368 673 412 cum
683 369 741 412 xxx
750 351 834 430 fugit,
846 353 998 431 nonaginta
1053 400 1057 407 .

84 456 148 496 cunr
160 435 364 514 pugnatoribus
378 445 477 514 captae
495 444 574 511 sunt,
601 434 748 495 demersae
765 443 888 495 ceterae.
915 434 997 496 Alius

85 537 200 601 quoque
213 518 313 579 consul
327 519 448 582 classem
461 519 608 596 naufragio
620 520 724 595 amisit,
736 521 892 579 exercitum
903 527 998 579 tamen

84 604 192 664 salvum
206 602 313 679 habuit,
333 605 398 681 quia
412 604 505 663 vicina
516 602 600 663 litora
615 610 702 662 erant.

148 687 235 748 Gar.
249 684 365 746 XXVII.
383 685 491 766 (XVI.)
515 685 547 770 C.
562 686 671 747 Lutatio
680 685 792 763 Catulo,
805 686 839 745 A.
852 685 996 746 Postumio
1008 709 1066 755 nu.

83 772 187 832 Albino
199 787 276 832 coss.
287 787 359 831 anno
371 771 440 830 belli
450 770 548 830 Punici
561 790 643 831 suun.
662 769 763 830 Catulo
775 770 881 830 bellum
897 779 995 831 contra
1011 777 1056 819 ⁵¹⁰·

83 855 170 915 Afros
184 857 364 922 commissum
381 864 434 917 εει.
468 854 617 915 Profectus
630 863 674 914 est
686 872 749 913 oum
760 875 814 915 ccc
833 854 951 914 navibus
968 855 998 914 in

83 939 218 1001 Siciliam.
235 939 297 1000 Afri
309 949 407 1000 contra
418 942 511 1018 ipsum
522 960 597 1000 cccc
611 947 787 1017 paraverunt.
810 937 958 1016 Nunquam
969 939 999 996 in

83 1026 152 1083 mari
162 1025 246 1083 tantis
258 1025 351 1101 copiis
363 1033 516 1102 pugnatum
533 1032 587 1083 est.
617 1022 742 1082 Lutatius
764 1021 879 1099 Catulus
897 1039 998 1081 navem

84 1125 172 1185 aeger
186 1106 324 1167 ascendit.
347 1107 515 1168 vulneratus
532 1109 606 1168 enim
623 1109 652 1166 in
667 1123 762 1184 pugna
774 1107 923 1185 superiore
935 1104 997 1164 fue·

54 1255 56 1258 ,
83 1199 135 1250 rat.
160 1189 264 1250 Contra
274 1189 453 1268 Lilybaeum,
475 1193 618 1251 civitatem
633 1189 763 1267 Siciliae,
784 1198 936 1270 pugnatum
953 1196 998 1249 est

84 1275 191 1351 Ingenti
206 1275 309 1334 vlrtute
319 1274 518 1336 Romanorum.
541 1274 613 1336 Nam
624 1294 713 1335 nxxrn
725 1272 998 1352 Carthaginiensium

83 1377 170 1417 naves
190 1367 290 1436 captae
309 1368 387 1436 sunt,
416 1379 490 1420 cxxv
507 1359 672 1435 demersae,
693 1377 773 1418 xxxu
787 1357 997 1417 miliahostium

84 1450 178 1518 capta,
191 1443 356 1517 xrrroccisa,
369 1442 569 1501 inlinitumauri
581 1440 865 1519 argentiquepondus
876 1442 905 1499 in
915 1448 997 1517 pote·

84 1533 185 1584 statem
195 1523 385 1584 Romanorum
394 1525 549 1585 redactum.
570 1522 616 1584 Ex
625 1524 849 1584 classeliomana
859 1542 899 1584 xn
908 1540 997 1583 naves

84 1608 240 1670 demersae.
260 1607 414 1686 Pugnatum
430 1618 474 1669 est
485 1629 523 1669 vr.
542 1606 608 1669 Idus
620 1606 744 1668 Martias.
771 1609 869 1669 Statim
881 1605 997 1669 Cartha-

83 1695 228 1771 ginienses
244 1710 344 1770 pacem
368 1694 508 1771 petierunt
530 1694 690 1771 tributaque
712 1696 817 1752 osteis
839 1709 904 1770 pax.
943 1689 997 1752 Ga-

83 1778 153 1855 ptivi
164 1775 364 1851 Romanorum,
372 1779 419 1854 qui
431 1777 620 1836 tenebantura
628 1776 918 1854 Carthaginiensibus,
932 1775 997 1842 red·

84 1860 133 1918 diti
147 1868 219 1919 sunt.
242 1858 335 1918 Etiam
346 1856 596 1937 Carthaginienses
612 1861 769 1937 petierunt,
787 1868 817 1918 ut
831 1860 931 1920 redimi
945 1876 997 1918 eos

83 1944 214 2020 captivos
232 1942 341 2018 liceret,
356 1960 430 2021 quos
441 1960 478 2002 ex
488 1941 566 2002 Afris
579 1943 698 2002 Romani
710 1943 850 2002 tenebant.
875 1944 997 2003 Senatus

83 2029 166 2087 iussit
177 2029 238 2086 sine
249 2028 341 2104 pretio
356 2026 415 2087 dari
428 2043 490 2102 eos,
517 2028 605 2105 quiin
619 2025 733 2104 publica
744 2026 874 2086 custodia
886 2034 996 2095 essent;

83 2113 131 2190 qui
143 2119 236 2171 autem
250 2129 266 2170 a
279 2112 394 2187 privatis
406 2119 580 2188 tenerentur,
603 2120 633 2171 ut
649 2112 741 2189 pretio
754 2110 873 2169 dominis
884 2110 996 2170 reddito

83 2193 284 2273 Carthaginem
302 2196 443 2271 redirent,
463 2204 548 2273 atquc
569 2196 598 2255 id
618 2197 739 2273 pretium
757 2213 795 2255 cx
811 2194 881 2254 fisco
893 2195 995 2271 magis,

83 2298 166 2358 quam
178 2298 195 2338 a
210 2278 489 2356 Carthaginiensibus
501 2279 671 2338 solveretur.

140 2363 228 2424 Gar.
240 2360 371 2423 XXVIII.
393 2362 428 2434 Q.
439 2362 575 2439 Lutatius,
589 2360 896 2421 chainemunda
907 2361 1057 2424 oreatinu.

83 2445 190 2505 bellurn
200 2443 322 2504 Faliscis
342 2445 510 2521 intulerunt,
535 2463 609 2524 quae
626 2446 726 2504 civitas
746 2441 844 2503 Italiae
860 2443 995 2522 opulenta
1008 2449 1053 2491 ³¹¹·

83 2529 225 2608 quondam
240 2528 302 2588 luit.
333 2527 418 2601 Quod
429 2528 512 2591 ambo
525 2528 659 2589 consulas
671 2531 741 2588 intra
752 2545 804 2587 sex
815 2527 892 2606 dies,
913 2546 997 2608 quam

82 2621 227 2688 venerant,
244 2622 442 2690 transegerunt
451 2632 489 2673 xv
500 2613 612 2674 milibus
624 2613 746 2673 bostium
758 2614 869 2688 caesis,
892 2614 996 2673 ceteris

83 2715 155 2775 pace
169 2713 318 2775 concessa,
335 2713 405 2775 agro
418 2706 511 2757 tamen
522 2717 558 2757 cn
569 2697 721 2757 medietate
739 2695 860 2757 sublato.

316 3014 477 3080 blllllll
513 3012 770 3080 rutulus.

397 3199 683 3249 blldlllllllll'llll.

150 3306 175 3358 1.
193 3304 352 3354 Ptolemaeus
370 3302 481 3368 Aegypti
500 3316 544 3350 rex
561 3304 686 3365 promissa
704 3300 852 3350 allemania
864 3296 959 3346 auxilia
970 3296 998 3346 ln

83 3373 149 3424 bello
161 3382 246 3424 contra
257 3371 420 3432 Antiochum,
439 3369 524 3436 Syriae
536 3386 638 3436 regem,
657 3377 765 3420 recusat.
792 3368 876 3426 Hiero,
896 3363 997 3416 Siclliae

126 3456 260 3494 uouuorrus.
843 3449 863 3510 2
