<?xml version="1.0" encoding="UTF-8"?>
<!DOCTYPE html PUBLIC "-//W3C//DTD XHTML 1.0 Transitional//EN"
    "http://www.w3.org/TR/xhtml1/DTD/xhtml1-transitional.dtd">
<html xmlns="http://www.w3.org/1999/xhtml" xml:lang="en" lang="en">
 <head>
  <title>
</title>
<meta http-equiv="Content-Type" content="text/html;charset=utf-8" />
  <meta name='ocr-system' content='tesseract 3.04.00' />
  <meta name='ocr-capabilities' content='ocr_page ocr_carea ocr_par ocr_line ocrx_word'/>
</head>
<body>
  <div class='ocr_page' id='page_1' title='image "./eutropiibreviar00crugoog_0036.png"; bbox 0 0 2318 3818; ppageno 0'>
   <div class='ocr_carea' id='block_1_1' title="bbox 444 218 1002 283">
    <p class='ocr_par' dir='ltr' id='par_1_1' title="bbox 444 218 1002 283">
     <span class='ocr_line' id='line_1_1' title="bbox 444 218 1002 283; baseline 0.009 -5"><span class='ocrx_word' id='word_1_1' title='bbox 444 223 651 280; x_wconf 81' lang='lat' dir='ltr'><strong>LIBERlll.</strong></span> <span class='ocrx_word' id='word_1_2' title='bbox 960 218 1002 283; x_wconf 77' lang='lat'><strong>23</strong></span> 
     </span>
    </p>
   </div>
   <div class='ocr_carea' id='block_1_2' title="bbox 44 383 1120 3375">
    <p class='ocr_par' dir='ltr' id='par_1_2' title="bbox 83 383 1120 1134">
     <span class='ocr_line' id='line_1_2' title="bbox 90 383 1120 464; baseline -0.001 -17"><span class='ocrx_word' id='word_1_3' title='bbox 90 386 198 447; x_wconf 87' lang='lat' dir='ltr'><strong>solibus</strong></span> <span class='ocrx_word' id='word_1_4' title='bbox 209 386 306 464; x_wconf 83' lang='lat' dir='ltr'><strong>Appio</strong></span> <span class='ocrx_word' id='word_1_5' title='bbox 319 383 438 445; x_wconf 81' lang='lat' dir='ltr'><strong>Claudio</strong></span> <span class='ocrx_word' id='word_1_6' title='bbox 449 385 564 446; x_wconf 85' lang='lat' dir='ltr'>Nerone</span> <span class='ocrx_word' id='word_1_7' title='bbox 576 394 604 445; x_wconf 89' lang='lat' dir='ltr'><strong>et</strong></span> <span class='ocrx_word' id='word_1_8' title='bbox 614 385 654 447; x_wconf 86' lang='grc' dir='ltr'><strong>Μ.</strong></span> <span class='ocrx_word' id='word_1_9' title='bbox 664 385 744 446; x_wconf 84' lang='lat' dir='ltr'><strong>Livio</strong></span> <span class='ocrx_word' id='word_1_10' title='bbox 756 385 913 447; x_wconf 78' lang='lat' dir='ltr'><strong>Salinatore</strong></span> <span class='ocrx_word' id='word_1_11' title='bbox 928 386 1003 464; x_wconf 90' lang='lat' dir='ltr'><strong>apud</strong></span> <span class='ocrx_word' id='word_1_12' title='bbox 1119 386 1120 390; x_wconf 73' lang='grc'>’</span> 
     </span>
     <span class='ocr_line' id='line_1_3' title="bbox 89 469 1001 550; baseline 0 -20"><span class='ocrx_word' id='word_1_13' title='bbox 89 470 246 531; x_wconf 81' lang='lat' dir='ltr'><strong>Metaurum</strong></span> <span class='ocrx_word' id='word_1_14' title='bbox 258 469 374 528; x_wconf 84' lang='lat' dir='ltr'><strong>fluvium</strong></span> <span class='ocrx_word' id='word_1_15' title='bbox 397 470 438 547; x_wconf 90' lang='lat' dir='ltr'><strong>[et</strong></span> <span class='ocrx_word' id='word_1_16' title='bbox 449 470 568 546; x_wconf 91' lang='lat' dir='ltr'><strong>Senam,</strong></span> <span class='ocrx_word' id='word_1_17' title='bbox 588 469 684 531; x_wconf 88' lang='lat' dir='ltr'><strong>Piceni</strong></span> <span class='ocrx_word' id='word_1_18' title='bbox 697 471 864 550; x_wconf 73' lang='lat' dir='ltr'><strong>civitatem}</strong></span> <span class='ocrx_word' id='word_1_19' title='bbox 887 472 915 529; x_wconf 90' lang='lat' dir='ltr'><strong>iu</strong></span> <span class='ocrx_word' id='word_1_20' title='bbox 934 472 1001 530; x_wconf 93' lang='lat' dir='ltr'><strong>insi·</strong></span> 
     </span>
     <span class='ocr_line' id='line_1_4' title="bbox 83 553 1001 632; baseline 0 -18"><span class='ocrx_word' id='word_1_21' title='bbox 83 555 151 614; x_wconf 90' lang='lat' dir='ltr'><strong>dias</strong></span> <span class='ocrx_word' id='word_1_22' title='bbox 168 556 343 632; x_wconf 88' lang='lat' dir='ltr'><strong>compositas</strong></span> <span class='ocrx_word' id='word_1_23' title='bbox 366 553 473 614; x_wconf 90' lang='lat' dir='ltr'><strong>incidit.</strong></span> <span class='ocrx_word' id='word_1_24' title='bbox 500 554 621 614; x_wconf 87' lang='lat' dir='ltr'><strong>Strenue</strong></span> <span class='ocrx_word' id='word_1_25' title='bbox 637 563 729 614; x_wconf 90' lang='lat' dir='ltr'><strong>tamen</strong></span> <span class='ocrx_word' id='word_1_26' title='bbox 745 571 873 632; x_wconf 81' lang='lat' dir='ltr'><strong>pugnans</strong></span> <span class='ocrx_word' id='word_1_27' title='bbox 886 556 1001 614; x_wconf 87' lang='lat' dir='ltr'><strong>occisus</strong></span> 
     </span>
     <span class='ocr_line' id='line_1_5' title="bbox 90 638 1002 716; baseline -0.002 -18"><span class='ocrx_word' id='word_1_28' title='bbox 90 647 146 714; x_wconf 88' lang='lat' dir='ltr'><strong>est,</strong></span> <span class='ocrx_word' id='word_1_29' title='bbox 160 640 294 716; x_wconf 82' lang='lat' dir='ltr'><strong>ingentes</strong></span> <span class='ocrx_word' id='word_1_30' title='bbox 310 639 371 696; x_wconf 91' lang='lat' dir='ltr'><strong>eius</strong></span> <span class='ocrx_word' id='word_1_31' title='bbox 386 640 488 715; x_wconf 87' lang='lat' dir='ltr'><strong>copiae</strong></span> <span class='ocrx_word' id='word_1_32' title='bbox 501 646 601 716; x_wconf 89' lang='lat' dir='ltr'><strong>captae</strong></span> <span class='ocrx_word' id='word_1_33' title='bbox 612 647 659 698; x_wconf 92' lang='lat' dir='ltr'><strong>uut</strong></span> <span class='ocrx_word' id='word_1_34' title='bbox 669 638 836 698; x_wconf 81' lang='lat' dir='ltr'><strong>interfectae</strong></span> <span class='ocrx_word' id='word_1_35' title='bbox 848 647 922 715; x_wconf 90' lang='lat' dir='ltr'><strong>sunt,</strong></span> <span class='ocrx_word' id='word_1_36' title='bbox 945 656 1002 697; x_wconf 89' lang='lat' dir='ltr'><strong>ma·</strong></span> 
     </span>
     <span class='ocr_line' id='line_1_6' title="bbox 89 719 1003 801; baseline -0.001 -20"><span class='ocrx_word' id='word_1_37' title='bbox 89 739 176 800; x_wconf 79' lang='lat' dir='ltr'><strong>gnum</strong></span> <span class='ocrx_word' id='word_1_38' title='bbox 193 719 304 799; x_wconf 88' lang='lat' dir='ltr'><strong>pondus</strong></span> <span class='ocrx_word' id='word_1_39' title='bbox 326 723 386 782; x_wconf 87' lang='lat' dir='ltr'><strong>auri</strong></span> <span class='ocrx_word' id='word_1_40' title='bbox 406 731 491 801; x_wconf 89' lang='lat' dir='ltr'><strong>atque</strong></span> <span class='ocrx_word' id='word_1_41' title='bbox 510 725 619 799; x_wconf 84' lang='lat' dir='ltr'><strong>argenti</strong></span> <span class='ocrx_word' id='word_1_42' title='bbox 638 722 756 782; x_wconf 83' lang='lat' dir='ltr'><strong>Romam</strong></span> <span class='ocrx_word' id='word_1_43' title='bbox 774 721 901 783; x_wconf 87' lang='lat' dir='ltr'><strong>relatum.</strong></span> <span class='ocrx_word' id='word_1_44' title='bbox 935 721 1003 782; x_wconf 88' lang='lat' dir='ltr'><strong>Post</strong></span> 
     </span>
     <span class='ocr_line' id='line_1_7' title="bbox 90 804 1003 884; baseline 0 -19"><span class='ocrx_word' id='word_1_45' title='bbox 90 807 163 865; x_wconf 87' lang='lat' dir='ltr'><strong>haee</strong></span> <span class='ocrx_word' id='word_1_46' title='bbox 174 804 312 865; x_wconf 86' lang='lat' dir='ltr'><strong>Hannibal</strong></span> <span class='ocrx_word' id='word_1_47' title='bbox 327 805 458 865; x_wconf 81' lang='lat' dir='ltr'><strong>diffidere</strong></span> <span class='ocrx_word' id='word_1_48' title='bbox 471 806 507 866; x_wconf 89' lang='lat' dir='ltr'><strong>da</strong></span> <span class='ocrx_word' id='word_1_49' title='bbox 523 806 591 866; x_wconf 89' lang='lat' dir='ltr'><strong>belli</strong></span> <span class='ocrx_word' id='word_1_50' title='bbox 609 809 705 884; x_wconf 88' lang='lat' dir='ltr'><strong>eoepit</strong></span> <span class='ocrx_word' id='word_1_51' title='bbox 723 813 835 866; x_wconf 88' lang='lat' dir='ltr'><strong>eventu.</strong></span> <span class='ocrx_word' id='word_1_52' title='bbox 867 805 1003 866; x_wconf 85' lang='lat' dir='ltr'><strong>Romanis</strong></span> 
     </span>
     <span class='ocr_line' id='line_1_8' title="bbox 90 888 1003 988; baseline -0.002 -39"><span class='ocrx_word' id='word_1_53' title='bbox 90 891 192 988; x_wconf 78' lang='lat' dir='ltr'><strong>ingens</strong></span> <span class='ocrx_word' id='word_1_54' title='bbox 203 891 311 949; x_wconf 90' lang='lat' dir='ltr'><strong>animus</strong></span> <span class='ocrx_word' id='word_1_55' title='bbox 319 891 460 949; x_wconf 88' lang='lat' dir='ltr'><strong>accessit.</strong></span> <span class='ocrx_word' id='word_1_56' title='bbox 490 888 590 968; x_wconf 89' lang='lat' dir='ltr'><strong>ltaque</strong></span> <span class='ocrx_word' id='word_1_57' title='bbox 602 892 650 950; x_wconf 89' lang='lat' dir='ltr'><strong>et</strong></span> <span class='ocrx_word' id='word_1_58' title='bbox 642 892 697 968; x_wconf 82' lang='lat' dir='ltr'><strong>ipsi</strong></span> <span class='ocrx_word' id='word_1_59' title='bbox 708 898 899 949; x_wconf 86' lang='lat' dir='ltr'><strong>evocaverunt</strong></span> <span class='ocrx_word' id='word_1_60' title='bbox 910 908 947 949; x_wconf 82' lang='lat' dir='ltr'><strong>eu</strong></span> <span class='ocrx_word' id='word_1_61' title='bbox 956 888 1003 948; x_wconf 91' lang='lat' dir='ltr'><strong>Hi·</strong></span> 
     </span>
     <span class='ocr_line' id='line_1_9' title="bbox 87 947 1103 1115; baseline -0.002 -81.994"><span class='ocrx_word' id='word_1_62' title='bbox 87 975 188 1115; x_wconf 88' lang='lat' dir='ltr'><strong>spania</strong></span> <span class='ocrx_word' id='word_1_63' title='bbox 208 971 239 1032; x_wconf 92' lang='lat' dir='ltr'><strong>P</strong></span> <span class='ocrx_word' id='word_1_64' title='bbox 253 971 416 1034; x_wconf 79' lang='lat' dir='ltr'><strong>Cornelium</strong></span> <span class='ocrx_word' id='word_1_65' title='bbox 428 972 601 1051; x_wconf 87' lang='lat' dir='ltr'><strong>Sorprouem</strong></span> <span class='ocrx_word' id='word_1_66' title='bbox 634 971 663 1033; x_wconf 92' lang='lat' dir='ltr'><strong>ls</strong></span> <span class='ocrx_word' id='word_1_67' title='bbox 674 974 792 1034; x_wconf 85' lang='lat' dir='ltr'><strong>Romam</strong></span> <span class='ocrx_word' id='word_1_68' title='bbox 815 991 878 1032; x_wconf 90' lang='lat' dir='ltr'><strong>oum</strong></span> <span class='ocrx_word' id='word_1_69' title='bbox 899 974 1005 1050; x_wconf 80' lang='lat' dir='ltr'><strong>ungenti</strong></span> <span class='ocrx_word' id='word_1_70' title='bbox 1015 947 1063 1056; x_wconf 46' lang='grc' dir='ltr'><strong>δὲ]</strong></span> <span class='ocrx_word' id='word_1_71' title='bbox 1063 974 1070 989; x_wconf 84' lang='grc'><strong>’</strong></span> <span class='ocrx_word' id='word_1_72' title='bbox 1101 997 1103 1000; x_wconf 48' lang='lat'>&gt;</span> 
     </span>
     <span class='ocr_line' id='line_1_10' title="bbox 87 1059 280 1134; baseline 0.005 -19.011"><span class='ocrx_word' id='word_1_73' title='bbox 87 1072 181 1134; x_wconf 81' lang='lat' dir='ltr'><strong>gorra</strong></span> <span class='ocrx_word' id='word_1_74' title='bbox 194 1059 280 1117; x_wconf 89' lang='lat' dir='ltr'><strong>venit.</strong></span> 
     </span>
    </p>

    <p class='ocr_par' dir='ltr' id='par_1_3' title="bbox 88 1138 1070 1368">
     <span class='ocr_line' id='line_1_11' title="bbox 155 1138 1070 1217; baseline -0.007 -18"><span class='ocrx_word' id='word_1_75' title='bbox 155 1140 241 1200; x_wconf 79' lang='lat' dir='ltr'><strong>Gur.</strong></span> <span class='ocrx_word' id='word_1_76' title='bbox 254 1138 332 1200; x_wconf 89' lang='lat' dir='ltr'><strong>XIX</strong></span> <span class='ocrx_word' id='word_1_77' title='bbox 356 1141 392 1213; x_wconf 80' lang='lat' dir='ltr'><strong>Q.</strong></span> <span class='ocrx_word' id='word_1_78' title='bbox 405 1140 544 1217; x_wconf 81' lang='lat' dir='ltr'><strong>Caecilio,</strong></span> <span class='ocrx_word' id='word_1_79' title='bbox 557 1140 588 1200; x_wconf 86' lang='lat' dir='ltr'><strong>b.</strong></span> <span class='ocrx_word' id='word_1_80' title='bbox 600 1139 715 1200; x_wconf 88' lang='lat' dir='ltr'><strong>Valerio</strong></span> <span class='ocrx_word' id='word_1_81' title='bbox 728 1158 805 1202; x_wconf 92' lang='lat' dir='ltr'><strong>coss.</strong></span> <span class='ocrx_word' id='word_1_82' title='bbox 821 1156 920 1201; x_wconf 91' lang='lat' dir='ltr'><strong>omnes</strong></span> <span class='ocrx_word' id='word_1_83' title='bbox 934 1142 1002 1199; x_wconf 89' lang='lat' dir='ltr'><strong>eivi—</strong></span> <span class='ocrx_word' id='word_1_84' title='bbox 992 1152 1070 1194; x_wconf 73' lang='lat' dir='ltr'><strong>-uo,</strong></span> 
     </span>
     <span class='ocr_line' id='line_1_12' title="bbox 88 1219 1060 1302; baseline -0.002 -18"><span class='ocrx_word' id='word_1_85' title='bbox 88 1232 179 1300; x_wconf 89' lang='lat' dir='ltr'><strong>tates,</strong></span> <span class='ocrx_word' id='word_1_86' title='bbox 199 1242 273 1302; x_wconf 88' lang='lat' dir='ltr'><strong>quae</strong></span> <span class='ocrx_word' id='word_1_87' title='bbox 288 1227 316 1285; x_wconf 93' lang='lat' dir='ltr'><strong>iu</strong></span> <span class='ocrx_word' id='word_1_88' title='bbox 327 1224 443 1285; x_wconf 91' lang='lat' dir='ltr'><strong>Bruttiis</strong></span> <span class='ocrx_word' id='word_1_89' title='bbox 461 1226 496 1285; x_wconf 92' lang='lat' dir='ltr'><strong>ab</strong></span> <span class='ocrx_word' id='word_1_90' title='bbox 508 1224 664 1284; x_wconf 86' lang='lat' dir='ltr'><strong>Hannibale</strong></span> <span class='ocrx_word' id='word_1_91' title='bbox 679 1225 856 1301; x_wconf 88' lang='lat' dir='ltr'><strong>tenebantur,</strong></span> <span class='ocrx_word' id='word_1_92' title='bbox 869 1224 1004 1284; x_wconf 89' lang='lat' dir='ltr'><strong>Romanis</strong></span> <span class='ocrx_word' id='word_1_93' title='bbox 1015 1219 1060 1263; x_wconf 76' lang='lat'>5⁴⁶·</span> 
     </span>
     <span class='ocr_line' id='line_1_13' title="bbox 92 1308 321 1369; baseline 0 -2"><span class='ocrx_word' id='word_1_94' title='bbox 92 1327 126 1368; x_wconf 90' lang='lat' dir='ltr'><strong>se</strong></span> <span class='ocrx_word' id='word_1_95' title='bbox 137 1308 321 1369; x_wconf 89' lang='lat' dir='ltr'><strong>tradiderunt</strong></span> 
     </span>
    </p>

    <p class='ocr_par' dir='ltr' id='par_1_4' title="bbox 88 1388 1071 2473">
     <span class='ocr_line' id='line_1_14' title="bbox 150 1388 1002 1471; baseline -0.004 -20"><span class='ocrx_word' id='word_1_96' title='bbox 150 1393 237 1452; x_wconf 77' lang='lat' dir='ltr'><strong>Gur.</strong></span> <span class='ocrx_word' id='word_1_97' title='bbox 249 1392 312 1454; x_wconf 91' lang='lat' dir='ltr'><strong>XX.</strong></span> <span class='ocrx_word' id='word_1_98' title='bbox 322 1388 387 1468; x_wconf 91' lang='lat' dir='ltr'><strong>(XI</strong></span> <span class='ocrx_word' id='word_1_99' title='bbox 389 1394 404 1471; x_wconf 93' lang='lat'>)</span> <span class='ocrx_word' id='word_1_100' title='bbox 416 1391 498 1451; x_wconf 82' lang='lat' dir='ltr'><strong>Anno</strong></span> <span class='ocrx_word' id='word_1_101' title='bbox 509 1409 568 1452; x_wconf 85' lang='lat' dir='ltr'><strong>xuv.</strong></span> <span class='ocrx_word' id='word_1_102' title='bbox 580 1400 662 1467; x_wconf 87' lang='lat' dir='ltr'><strong>post,</strong></span> <span class='ocrx_word' id='word_1_103' title='bbox 676 1409 759 1470; x_wconf 89' lang='lat' dir='ltr'><strong>qnam</strong></span> <span class='ocrx_word' id='word_1_104' title='bbox 771 1393 799 1449; x_wconf 93' lang='lat' dir='ltr'><strong>in</strong></span> <span class='ocrx_word' id='word_1_105' title='bbox 810 1389 918 1470; x_wconf 87' lang='lat' dir='ltr'><strong>ltaliam</strong></span> <span class='ocrx_word' id='word_1_106' title='bbox 929 1388 1002 1449; x_wconf 93' lang='lat' dir='ltr'><strong>Hau-</strong></span> 
     </span>
     <span class='ocr_line' id='line_1_15' title="bbox 88 1473 1071 1551; baseline -0.003 -17"><span class='ocrx_word' id='word_1_107' title='bbox 88 1474 165 1534; x_wconf 92' lang='lat' dir='ltr'><strong>nibal</strong></span> <span class='ocrx_word' id='word_1_108' title='bbox 179 1484 297 1533; x_wconf 82' lang='lat' dir='ltr'><strong>venerat</strong></span> <span class='ocrx_word' id='word_1_109' title='bbox 299 1475 437 1551; x_wconf 89' lang='lat' dir='ltr'><strong>,Scipio,</strong></span> <span class='ocrx_word' id='word_1_110' title='bbox 461 1492 509 1551; x_wconf 87' lang='lat' dir='ltr'><strong>qur</strong></span> <span class='ocrx_word' id='word_1_111' title='bbox 502 1473 646 1533; x_wconf 89' lang='lat' dir='ltr'><strong>multam</strong></span> <span class='ocrx_word' id='word_1_112' title='bbox 657 1473 792 1551; x_wconf 79' lang='lat' dir='ltr'><strong>Hispania</strong></span> <span class='ocrx_word' id='word_1_113' title='bbox 803 1474 877 1533; x_wconf 88' lang='lat' dir='ltr'><strong>bene</strong></span> <span class='ocrx_word' id='word_1_114' title='bbox 895 1481 1004 1550; x_wconf 81' lang='lat' dir='ltr'><strong>egerat,</strong></span> <span class='ocrx_word' id='word_1_115' title='bbox 1016 1473 1071 1515; x_wconf 61' lang='lat' dir='ltr'><strong>bv·</strong></span> 
     </span>
     <span class='ocr_line' id='line_1_16' title="bbox 90 1541 1063 1619; baseline -0.002 -3"><span class='ocrx_word' id='word_1_116' title='bbox 90 1558 190 1617; x_wconf 87' lang='lat' dir='ltr'><strong>consul</strong></span> <span class='ocrx_word' id='word_1_117' title='bbox 203 1566 248 1616; x_wconf 90' lang='lat' dir='ltr'><strong>est</strong></span> <span class='ocrx_word' id='word_1_118' title='bbox 266 1558 358 1617; x_wconf 89' lang='lat' dir='ltr'><strong>factus</strong></span> <span class='ocrx_word' id='word_1_119' title='bbox 374 1559 442 1616; x_wconf 91' lang='lat' dir='ltr'><strong>etin</strong></span> <span class='ocrx_word' id='word_1_120' title='bbox 453 1556 578 1617; x_wconf 86' lang='lat' dir='ltr'><strong>Africam</strong></span> <span class='ocrx_word' id='word_1_121' title='bbox 589 1558 703 1619; x_wconf 88' lang='lat' dir='ltr'><strong>missus.</strong></span> <span class='ocrx_word' id='word_1_122' title='bbox 737 1555 789 1616; x_wconf 78' lang='lat' dir='ltr'><strong>(lui</strong></span> <span class='ocrx_word' id='word_1_123' title='bbox 805 1559 867 1617; x_wconf 84' lang='lat' dir='ltr'><strong>viro</strong></span> <span class='ocrx_word' id='word_1_124' title='bbox 883 1556 1005 1616; x_wconf 88' lang='lat' dir='ltr'><strong>divinum</strong></span> <span class='ocrx_word' id='word_1_125' title='bbox 1018 1541 1063 1583; x_wconf 68' lang='lat'><strong>⁵⁴⁷·</strong></span> 
     </span>
     <span class='ocr_line' id='line_1_17' title="bbox 90 1611 1071 1721; baseline -0.002 -20"><span class='ocrx_word' id='word_1_126' title='bbox 90 1640 252 1721; x_wconf 88' lang='lat' dir='ltr'><strong>quiddam</strong></span> <span class='ocrx_word' id='word_1_127' title='bbox 243 1659 340 1716; x_wconf 80' lang='lat' dir='ltr'><strong>messe</strong></span> <span class='ocrx_word' id='word_1_128' title='bbox 363 1641 591 1719; x_wconf 83' lang='lat' dir='ltr'><strong>existimabatur,</strong></span> <span class='ocrx_word' id='word_1_129' title='bbox 617 1641 691 1702; x_wconf 89' lang='lat' dir='ltr'><strong>adeo</strong></span> <span class='ocrx_word' id='word_1_130' title='bbox 707 1649 738 1701; x_wconf 93' lang='lat' dir='ltr'><strong>ut</strong></span> <span class='ocrx_word' id='word_1_131' title='bbox 754 1649 899 1718; x_wconf 89' lang='lat' dir='ltr'><strong>putaretur</strong></span> <span class='ocrx_word' id='word_1_132' title='bbox 920 1641 1004 1700; x_wconf 87' lang='lat' dir='ltr'><strong>etium</strong></span> <span class='ocrx_word' id='word_1_133' title='bbox 1014 1611 1071 1721; x_wconf 44' lang='grc' dir='ltr'><strong>ᾖξ’</strong></span> 
     </span>
     <span class='ocr_line' id='line_1_18' title="bbox 90 1723 1002 1786; baseline -0.001 -1"><span class='ocrx_word' id='word_1_134' title='bbox 90 1744 153 1785; x_wconf 87' lang='lat' dir='ltr'><strong>eum</strong></span> <span class='ocrx_word' id='word_1_135' title='bbox 164 1726 328 1786; x_wconf 83' lang='lat' dir='ltr'><strong>numinibus</strong></span> <span class='ocrx_word' id='word_1_136' title='bbox 331 1725 437 1785; x_wconf 91' lang='lat' dir='ltr'><strong>habere</strong></span> <span class='ocrx_word' id='word_1_137' title='bbox 448 1744 619 1786; x_wconf 89' lang='lat' dir='ltr'><strong>sermonem</strong></span> <span class='ocrx_word' id='word_1_138' title='bbox 641 1724 670 1785; x_wconf 93' lang='lat' dir='ltr'><strong>ls</strong></span> <span class='ocrx_word' id='word_1_139' title='bbox 680 1725 811 1785; x_wconf 78' lang='lat' dir='ltr'><strong>undirma</strong></span> <span class='ocrx_word' id='word_1_140' title='bbox 822 1733 919 1784; x_wconf 85' lang='lat' dir='ltr'><strong>contra</strong></span> <span class='ocrx_word' id='word_1_141' title='bbox 930 1723 1002 1784; x_wconf 91' lang='lat' dir='ltr'><strong>Han</strong></span> 
     </span>
     <span class='ocr_line' id='line_1_19' title="bbox 89 1808 1002 1888; baseline -0.003 -19"><span class='ocrx_word' id='word_1_142' title='bbox 89 1825 202 1883; x_wconf 89' lang='lat' dir='ltr'><strong>nonem,</strong></span> <span class='ocrx_word' id='word_1_143' title='bbox 219 1808 321 1868; x_wconf 89' lang='lat' dir='ltr'><strong>ducem</strong></span> <span class='ocrx_word' id='word_1_144' title='bbox 334 1808 478 1884; x_wconf 75' lang='lat' dir='ltr'><strong>dirorum,</strong></span> <span class='ocrx_word' id='word_1_145' title='bbox 498 1818 620 1888; x_wconf 79' lang='lat' dir='ltr'><strong>pugnat,</strong></span> <span class='ocrx_word' id='word_1_146' title='bbox 644 1811 800 1870; x_wconf 85' lang='lat' dir='ltr'><strong>exereitum</strong></span> <span class='ocrx_word' id='word_1_147' title='bbox 818 1810 880 1868; x_wconf 91' lang='lat' dir='ltr'><strong>eius</strong></span> <span class='ocrx_word' id='word_1_148' title='bbox 898 1808 1002 1867; x_wconf 88' lang='lat' dir='ltr'><strong>interii-</strong></span> 
     </span>
     <span class='ocr_line' id='line_1_20' title="bbox 90 1890 1071 1971; baseline -0.003 -21"><span class='ocrx_word' id='word_1_149' title='bbox 90 1894 137 1952; x_wconf 92' lang='lat' dir='ltr'><strong>cit.</strong></span> <span class='ocrx_word' id='word_1_150' title='bbox 172 1890 305 1951; x_wconf 86' lang='lat' dir='ltr'><strong>Secundo</strong></span> <span class='ocrx_word' id='word_1_151' title='bbox 318 1891 430 1969; x_wconf 89' lang='lat' dir='ltr'><strong>proelio</strong></span> <span class='ocrx_word' id='word_1_152' title='bbox 443 1901 534 1953; x_wconf 90' lang='lat' dir='ltr'><strong>castra</strong></span> <span class='ocrx_word' id='word_1_153' title='bbox 547 1894 623 1970; x_wconf 82' lang='lat' dir='ltr'><strong>capit</strong></span> <span class='ocrx_word' id='word_1_154' title='bbox 637 1911 700 1952; x_wconf 91' lang='lat' dir='ltr'><strong>cum</strong></span> <span class='ocrx_word' id='word_1_155' title='bbox 712 1900 831 1971; x_wconf 91' lang='lat' dir='ltr'><strong>quatuor</strong></span> <span class='ocrx_word' id='word_1_156' title='bbox 844 1891 957 1951; x_wconf 89' lang='lat' dir='ltr'><strong>milibus</strong></span> <span class='ocrx_word' id='word_1_157' title='bbox 976 1899 1005 1949; x_wconf 86' lang='lat' dir='ltr'><strong>et</strong></span> <span class='ocrx_word' id='word_1_158' title='bbox 1015 1905 1071 1947; x_wconf 75' lang='lat' dir='ltr'><strong>uu.</strong></span> 
     </span>
     <span class='ocr_line' id='line_1_21' title="bbox 90 1972 1064 2054; baseline -0.001 -20"><span class='ocrx_word' id='word_1_159' title='bbox 90 1977 253 2054; x_wconf 80' lang='lat' dir='ltr'><strong>quingentis</strong></span> <span class='ocrx_word' id='word_1_160' title='bbox 262 1973 407 2052; x_wconf 87' lang='lat' dir='ltr'><strong>militibus,</strong></span> <span class='ocrx_word' id='word_1_161' title='bbox 421 1995 450 2035; x_wconf 85' lang='lat' dir='ltr'><strong>ur</strong></span> <span class='ocrx_word' id='word_1_162' title='bbox 461 1976 574 2036; x_wconf 91' lang='lat' dir='ltr'><strong>milibus</strong></span> <span class='ocrx_word' id='word_1_163' title='bbox 585 1977 702 2035; x_wconf 81' lang='lat' dir='ltr'><strong>ecelsis.</strong></span> <span class='ocrx_word' id='word_1_164' title='bbox 725 1974 897 2052; x_wconf 75' lang='lat' dir='ltr'><strong>Syphacem,</strong></span> <span class='ocrx_word' id='word_1_165' title='bbox 907 1974 1003 2035; x_wconf 90' lang='lat' dir='ltr'><strong>Numi·</strong></span> <span class='ocrx_word' id='word_1_166' title='bbox 1018 1972 1064 2016; x_wconf 39' lang='lat'><strong>‘³⁴⁹&#39;</strong></span> 
     </span>
     <span class='ocr_line' id='line_1_22' title="bbox 90 2058 1004 2138; baseline -0.003 -18"><span class='ocrx_word' id='word_1_167' title='bbox 90 2060 154 2120; x_wconf 85' lang='lat' dir='ltr'><strong>diae</strong></span> <span class='ocrx_word' id='word_1_168' title='bbox 164 2077 274 2136; x_wconf 79' lang='lat' dir='ltr'><strong>regem,</strong></span> <span class='ocrx_word' id='word_1_169' title='bbox 299 2061 346 2138; x_wconf 94' lang='lat' dir='ltr'><strong>qui</strong></span> <span class='ocrx_word' id='word_1_170' title='bbox 358 2077 390 2118; x_wconf 89' lang='lat' dir='ltr'><strong>se</strong></span> <span class='ocrx_word' id='word_1_171' title='bbox 401 2058 478 2119; x_wconf 82' lang='lat' dir='ltr'><strong>Afris</strong></span> <span class='ocrx_word' id='word_1_172' title='bbox 491 2059 684 2135; x_wconf 79' lang='lat' dir='ltr'><strong>coniunxerat,</strong></span> <span class='ocrx_word' id='word_1_173' title='bbox 706 2061 783 2136; x_wconf 86' lang='lat' dir='ltr'><strong>capit</strong></span> <span class='ocrx_word' id='word_1_174' title='bbox 795 2067 824 2117; x_wconf 89' lang='lat' dir='ltr'><strong>et</strong></span> <span class='ocrx_word' id='word_1_175' title='bbox 836 2068 929 2118; x_wconf 89' lang='lat' dir='ltr'><strong>eastra</strong></span> <span class='ocrx_word' id='word_1_176' title='bbox 942 2059 1004 2117; x_wconf 94' lang='lat' dir='ltr'><strong>eius</strong></span> 
     </span>
     <span class='ocr_line' id='line_1_23' title="bbox 89 2141 1004 2222; baseline -0.002 -18"><span class='ocrx_word' id='word_1_177' title='bbox 89 2143 204 2204; x_wconf 88' lang='lat' dir='ltr'><strong>invadit.</strong></span> <span class='ocrx_word' id='word_1_178' title='bbox 227 2143 344 2222; x_wconf 75' lang='lat' dir='ltr'><strong>Syphax</strong></span> <span class='ocrx_word' id='word_1_179' title='bbox 359 2162 422 2203; x_wconf 89' lang='lat' dir='ltr'><strong>eum</strong></span> <span class='ocrx_word' id='word_1_180' title='bbox 433 2144 617 2203; x_wconf 89' lang='lat' dir='ltr'><strong>nobilissimis</strong></span> <span class='ocrx_word' id='word_1_181' title='bbox 631 2142 760 2203; x_wconf 89' lang='lat' dir='ltr'><strong>Numidis</strong></span> <span class='ocrx_word' id='word_1_182' title='bbox 772 2151 801 2201; x_wconf 86' lang='lat' dir='ltr'><strong>et</strong></span> <span class='ocrx_word' id='word_1_183' title='bbox 811 2141 924 2202; x_wconf 86' lang='lat' dir='ltr'><strong>infinitis</strong></span> <span class='ocrx_word' id='word_1_184' title='bbox 937 2159 1004 2219; x_wconf 89' lang='lat' dir='ltr'><strong>spo·</strong></span> 
     </span>
     <span class='ocr_line' id='line_1_24' title="bbox 89 2226 1052 2305; baseline -0.002 -19"><span class='ocrx_word' id='word_1_185' title='bbox 89 2228 135 2287; x_wconf 86' lang='lat' dir='ltr'><strong>liis</strong></span> <span class='ocrx_word' id='word_1_186' title='bbox 145 2227 264 2287; x_wconf 86' lang='lat' dir='ltr'><strong>Romam</strong></span> <span class='ocrx_word' id='word_1_187' title='bbox 276 2229 311 2288; x_wconf 86' lang='lat' dir='ltr'><strong>ab</strong></span> <span class='ocrx_word' id='word_1_188' title='bbox 323 2228 459 2305; x_wconf 88' lang='lat' dir='ltr'><strong>Scipione</strong></span> <span class='ocrx_word' id='word_1_189' title='bbox 472 2229 597 2287; x_wconf 90' lang='lat' dir='ltr'><strong>mittitur.</strong></span> <span class='ocrx_word' id='word_1_190' title='bbox 619 2226 682 2300; x_wconf 80' lang='lat' dir='ltr'><strong>Qua</strong></span> <span class='ocrx_word' id='word_1_191' title='bbox 691 2246 724 2287; x_wconf 87' lang='lat' dir='ltr'><strong>re</strong></span> <span class='ocrx_word' id='word_1_192' title='bbox 736 2226 830 2286; x_wconf 88' lang='lat' dir='ltr'><strong>audita</strong></span> <span class='ocrx_word' id='word_1_193' title='bbox 841 2227 931 2286; x_wconf 91' lang='lat' dir='ltr'><strong>omnis</strong></span> <span class='ocrx_word' id='word_1_194' title='bbox 943 2226 1004 2284; x_wconf 85' lang='lat' dir='ltr'><strong>iere</strong></span> <span class='ocrx_word' id='word_1_195' title='bbox 1050 2240 1052 2246; x_wconf 82' lang='grc'><strong>’</strong></span> 
     </span>
     <span class='ocr_line' id='line_1_25' title="bbox 89 2308 1005 2388; baseline -0.004 -17"><span class='ocrx_word' id='word_1_196' title='bbox 89 2309 171 2381; x_wconf 88' lang='lat' dir='ltr'><strong>ltalia</strong></span> <span class='ocrx_word' id='word_1_197' title='bbox 181 2310 366 2372; x_wconf 91' lang='lat' dir='ltr'><strong>Hannibalem</strong></span> <span class='ocrx_word' id='word_1_198' title='bbox 381 2310 496 2371; x_wconf 86' lang='lat' dir='ltr'><strong>deserit.</strong></span> <span class='ocrx_word' id='word_1_199' title='bbox 512 2309 581 2388; x_wconf 92' lang='lat' dir='ltr'><strong>lpse</strong></span> <span class='ocrx_word' id='word_1_200' title='bbox 592 2329 608 2370; x_wconf 93' lang='lat' dir='ltr'><strong>a</strong></span> <span class='ocrx_word' id='word_1_201' title='bbox 620 2308 900 2386; x_wconf 77' lang='lat' dir='ltr'><strong>Carthaginiensibus</strong></span> <span class='ocrx_word' id='word_1_202' title='bbox 911 2308 1005 2368; x_wconf 87' lang='lat' dir='ltr'><strong>redire</strong></span> 
     </span>
     <span class='ocr_line' id='line_1_26' title="bbox 89 2393 747 2473; baseline -0.003 -20"><span class='ocrx_word' id='word_1_203' title='bbox 89 2395 119 2453; x_wconf 89' lang='lat' dir='ltr'><strong>iu</strong></span> <span class='ocrx_word' id='word_1_204' title='bbox 130 2393 256 2453; x_wconf 73' lang='lat' dir='ltr'><strong>iliricum</strong></span> <span class='ocrx_word' id='word_1_205' title='bbox 268 2394 390 2470; x_wconf 89' lang='lat' dir='ltr'><strong>iubetur,</strong></span> <span class='ocrx_word' id='word_1_206' title='bbox 405 2412 488 2473; x_wconf 90' lang='lat' dir='ltr'><strong>quam</strong></span> <span class='ocrx_word' id='word_1_207' title='bbox 500 2394 598 2470; x_wconf 89' lang='lat' dir='ltr'><strong>Scipio</strong></span> <span class='ocrx_word' id='word_1_208' title='bbox 610 2393 747 2453; x_wconf 89' lang='lat' dir='ltr'><strong>vastabat.</strong></span> 
     </span>
    </p>

    <p class='ocr_par' dir='ltr' id='par_1_5' title="bbox 44 2473 1074 3290">
     <span class='ocr_line' id='line_1_27' title="bbox 154 2473 1074 2548; baseline -0.004 -11"><span class='ocrx_word' id='word_1_209' title='bbox 154 2477 241 2537; x_wconf 79' lang='lat' dir='ltr'><strong>Gur.</strong></span> <span class='ocrx_word' id='word_1_210' title='bbox 256 2475 333 2537; x_wconf 94' lang='lat' dir='ltr'><strong>XXI.</strong></span> <span class='ocrx_word' id='word_1_211' title='bbox 354 2475 396 2537; x_wconf 91' lang='lat' dir='ltr'><strong>lta</strong></span> <span class='ocrx_word' id='word_1_212' title='bbox 407 2494 479 2548; x_wconf 81' lang='lat' dir='ltr'><strong>annno</strong></span> <span class='ocrx_word' id='word_1_213' title='bbox 494 2496 565 2537; x_wconf 78' lang='lat' dir='ltr'><strong>xvir.</strong></span> <span class='ocrx_word' id='word_1_214' title='bbox 576 2477 611 2536; x_wconf 85' lang='lat' dir='ltr'><strong>ab</strong></span> <span class='ocrx_word' id='word_1_215' title='bbox 623 2475 779 2536; x_wconf 81' lang='lat' dir='ltr'><strong>Hannibale</strong></span> <span class='ocrx_word' id='word_1_216' title='bbox 789 2473 870 2535; x_wconf 80' lang='lat' dir='ltr'><strong>ltalia</strong></span> <span class='ocrx_word' id='word_1_217' title='bbox 888 2473 1042 2535; x_wconf 72' lang='lat' dir='ltr'><strong>liberataA·</strong></span> <span class='ocrx_word' id='word_1_218' title='bbox 1046 2478 1074 2521; x_wconf 81' lang='lat'><strong>⁰·</strong></span> 
     </span>
     <span class='ocr_line' id='line_1_28' title="bbox 44 2545 1063 2641; baseline -0.004 -20"><span class='ocrx_word' id='word_1_219' title='bbox 44 2585 49 2595; x_wconf 93' lang='lat'><strong>·</strong></span> <span class='ocrx_word' id='word_1_220' title='bbox 91 2569 144 2621; x_wconf 88' lang='lat' dir='ltr'><strong>est</strong></span> <span class='ocrx_word' id='word_1_221' title='bbox 166 2558 261 2641; x_wconf 92' lang='lat' dir='ltr'><strong>(Xll)</strong></span> <span class='ocrx_word' id='word_1_222' title='bbox 297 2559 395 2638; x_wconf 82' lang='lat' dir='ltr'><strong>Legati</strong></span> <span class='ocrx_word' id='word_1_223' title='bbox 415 2559 687 2638; x_wconf 80' lang='lat' dir='ltr'><strong>Carthaginiensium</strong></span> <span class='ocrx_word' id='word_1_224' title='bbox 708 2578 809 2638; x_wconf 88' lang='lat' dir='ltr'><strong>pacem</strong></span> <span class='ocrx_word' id='word_1_225' title='bbox 829 2577 845 2619; x_wconf 91' lang='lat' dir='ltr'><strong>a</strong></span> <span class='ocrx_word' id='word_1_226' title='bbox 866 2545 1063 2637; x_wconf 58' lang='lat' dir='ltr'><strong>Scipionem</strong></span> 
     </span>
     <span class='ocr_line' id='line_1_29' title="bbox 91 2642 1004 2744; baseline -0.003 -39"><span class='ocrx_word' id='word_1_227' title='bbox 91 2646 271 2744; x_wconf 55' lang='lat' dir='ltr'><strong>petiverunt,</strong></span> <span class='ocrx_word' id='word_1_228' title='bbox 290 2645 324 2704; x_wconf 90' lang='lat' dir='ltr'><strong>ab</strong></span> <span class='ocrx_word' id='word_1_229' title='bbox 337 2662 373 2705; x_wconf 91' lang='lat' dir='ltr'><strong>eo</strong></span> <span class='ocrx_word' id='word_1_230' title='bbox 389 2644 424 2704; x_wconf 87' lang='lat' dir='ltr'><strong>ad</strong></span> <span class='ocrx_word' id='word_1_231' title='bbox 433 2653 560 2705; x_wconf 88' lang='lat' dir='ltr'><strong>senatum</strong></span> <span class='ocrx_word' id='word_1_232' title='bbox 574 2645 693 2705; x_wconf 85' lang='lat' dir='ltr'><strong>Romam</strong></span> <span class='ocrx_word' id='word_1_233' title='bbox 703 2646 782 2704; x_wconf 91' lang='lat' dir='ltr'><strong>missi</strong></span> <span class='ocrx_word' id='word_1_234' title='bbox 794 2652 873 2712; x_wconf 89' lang='lat' dir='ltr'><strong>sunt;</strong></span> <span class='ocrx_word' id='word_1_235' title='bbox 887 2642 1004 2721; x_wconf 87' lang='lat' dir='ltr'><strong>quadra·</strong></span> 
     </span>
     <span class='ocr_line' id='line_1_30' title="bbox 89 2727 1005 2807; baseline -0.003 -20"><span class='ocrx_word' id='word_1_236' title='bbox 89 2730 167 2807; x_wconf 75' lang='lat' dir='ltr'><strong>ginta</strong></span> <span class='ocrx_word' id='word_1_237' title='bbox 179 2737 208 2787; x_wconf 88' lang='lat' dir='ltr'><strong>et</strong></span> <span class='ocrx_word' id='word_1_238' title='bbox 219 2731 343 2807; x_wconf 89' lang='lat' dir='ltr'><strong>quinque</strong></span> <span class='ocrx_word' id='word_1_239' title='bbox 355 2728 455 2789; x_wconf 89' lang='lat' dir='ltr'><strong>diebus</strong></span> <span class='ocrx_word' id='word_1_240' title='bbox 466 2729 511 2788; x_wconf 91' lang='lat' dir='ltr'><strong>his</strong></span> <span class='ocrx_word' id='word_1_241' title='bbox 522 2727 652 2788; x_wconf 88' lang='lat' dir='ltr'><strong>induciae</strong></span> <span class='ocrx_word' id='word_1_242' title='bbox 665 2727 746 2788; x_wconf 89' lang='lat' dir='ltr'><strong>datae</strong></span> <span class='ocrx_word' id='word_1_243' title='bbox 759 2735 834 2802; x_wconf 89' lang='lat' dir='ltr'><strong>sunt,</strong></span> <span class='ocrx_word' id='word_1_244' title='bbox 854 2743 1005 2804; x_wconf 86' lang='lat' dir='ltr'><strong>quousque</strong></span> 
     </span>
     <span class='ocr_line' id='line_1_31' title="bbox 88 2810 1004 2891; baseline -0.001 -22"><span class='ocrx_word' id='word_1_245' title='bbox 88 2810 207 2870; x_wconf 84' lang='lat' dir='ltr'><strong>Romam</strong></span> <span class='ocrx_word' id='word_1_246' title='bbox 218 2814 260 2871; x_wconf 89' lang='lat' dir='ltr'><strong>ire</strong></span> <span class='ocrx_word' id='word_1_247' title='bbox 272 2822 301 2872; x_wconf 87' lang='lat' dir='ltr'><strong>et</strong></span> <span class='ocrx_word' id='word_1_248' title='bbox 312 2812 425 2891; x_wconf 77' lang='lat' dir='ltr'><strong>regredi</strong></span> <span class='ocrx_word' id='word_1_249' title='bbox 437 2821 567 2889; x_wconf 88' lang='lat' dir='ltr'><strong>possent.</strong></span> <span class='ocrx_word' id='word_1_250' title='bbox 590 2811 627 2871; x_wconf 85' lang='lat' dir='ltr'><strong>Et</strong></span> <span class='ocrx_word' id='word_1_251' title='bbox 636 2829 694 2871; x_wconf 76' lang='lat' dir='ltr'><strong>xxx</strong></span> <span class='ocrx_word' id='word_1_252' title='bbox 704 2811 779 2870; x_wconf 92' lang='lat' dir='ltr'><strong>milia</strong></span> <span class='ocrx_word' id='word_1_253' title='bbox 791 2810 886 2887; x_wconf 90' lang='lat' dir='ltr'><strong>pondo</strong></span> <span class='ocrx_word' id='word_1_254' title='bbox 895 2811 1004 2886; x_wconf 86' lang='lat' dir='ltr'><strong>argenti</strong></span> 
     </span>
     <span class='ocr_line' id='line_1_32' title="bbox 89 2894 1003 2972; baseline -0.002 -19"><span class='ocrx_word' id='word_1_255' title='bbox 89 2894 124 2953; x_wconf 90' lang='lat' dir='ltr'><strong>ab</strong></span> <span class='ocrx_word' id='word_1_256' title='bbox 136 2894 180 2952; x_wconf 90' lang='lat' dir='ltr'><strong>his</strong></span> <span class='ocrx_word' id='word_1_257' title='bbox 196 2904 315 2972; x_wconf 80' lang='lat' dir='ltr'><strong>accepta</strong></span> <span class='ocrx_word' id='word_1_258' title='bbox 325 2904 398 2955; x_wconf 89' lang='lat' dir='ltr'><strong>sunt.</strong></span> <span class='ocrx_word' id='word_1_259' title='bbox 433 2895 553 2955; x_wconf 85' lang='lat' dir='ltr'><strong>Senatus</strong></span> <span class='ocrx_word' id='word_1_260' title='bbox 569 2914 606 2956; x_wconf 84' lang='lat' dir='ltr'><strong>ex</strong></span> <span class='ocrx_word' id='word_1_261' title='bbox 620 2896 734 2955; x_wconf 89' lang='lat' dir='ltr'><strong>arbitrio</strong></span> <span class='ocrx_word' id='word_1_262' title='bbox 747 2895 890 2971; x_wconf 91' lang='lat' dir='ltr'><strong>Scipionis</strong></span> <span class='ocrx_word' id='word_1_263' title='bbox 901 2909 1003 2970; x_wconf 88' lang='lat' dir='ltr'><strong>pacem</strong></span> 
     </span>
     <span class='ocr_line' id='line_1_33' title="bbox 88 2975 1004 3056; baseline 0 -20"><span class='ocrx_word' id='word_1_264' title='bbox 88 2978 172 3036; x_wconf 88' lang='lat' dir='ltr'><strong>iussit</strong></span> <span class='ocrx_word' id='word_1_265' title='bbox 182 2994 245 3036; x_wconf 86' lang='lat' dir='ltr'><strong>eum</strong></span> <span class='ocrx_word' id='word_1_266' title='bbox 252 2975 531 3055; x_wconf 78' lang='lat' dir='ltr'><strong>carthaginiensibus</strong></span> <span class='ocrx_word' id='word_1_267' title='bbox 544 2979 615 3038; x_wconf 90' lang='lat' dir='ltr'><strong>lieri.</strong></span> <span class='ocrx_word' id='word_1_268' title='bbox 628 2979 725 3056; x_wconf 85' lang='lat' dir='ltr'><strong>Scipio</strong></span> <span class='ocrx_word' id='word_1_269' title='bbox 737 2977 781 3038; x_wconf 91' lang='lat' dir='ltr'><strong>bis</strong></span> <span class='ocrx_word' id='word_1_270' title='bbox 789 2976 1004 3038; x_wconf 87' lang='lat' dir='ltr'><strong>condicionibus</strong></span> 
     </span>
     <span class='ocr_line' id='line_1_34' title="bbox 88 3059 1003 3141; baseline 0 -21"><span class='ocrx_word' id='word_1_271' title='bbox 88 3059 177 3137; x_wconf 90' lang='lat' dir='ltr'><strong>dedit,</strong></span> <span class='ocrx_word' id='word_1_272' title='bbox 190 3080 229 3123; x_wconf 84' lang='lat' dir='ltr'><strong>ne</strong></span> <span class='ocrx_word' id='word_1_273' title='bbox 243 3062 379 3141; x_wconf 76' lang='lat' dir='ltr'><strong>amplior</strong></span> <span class='ocrx_word' id='word_1_274' title='bbox 389 3077 482 3140; x_wconf 82' lang='lat' dir='ltr'><strong>quom</strong></span> <span class='ocrx_word' id='word_1_275' title='bbox 495 3081 553 3124; x_wconf 82' lang='lat' dir='ltr'><strong>m</strong></span> <span class='ocrx_word' id='word_1_276' title='bbox 565 3080 663 3125; x_wconf 81' lang='lat' dir='ltr'><strong>noces</strong></span> <span class='ocrx_word' id='word_1_277' title='bbox 676 3063 835 3138; x_wconf 82' lang='lat' dir='ltr'><strong>baberent,</strong></span> <span class='ocrx_word' id='word_1_278' title='bbox 856 3069 890 3123; x_wconf 82' lang='lat' dir='ltr'><strong>ot</strong></span> <span class='ocrx_word' id='word_1_279' title='bbox 903 3081 922 3122; x_wconf 91' lang='lat' dir='ltr'><strong>n</strong></span> <span class='ocrx_word' id='word_1_280' title='bbox 945 3061 1003 3120; x_wconf 84' lang='lat' dir='ltr'><strong>mi-</strong></span> 
     </span>
     <span class='ocr_line' id='line_1_35' title="bbox 88 3143 1004 3290; baseline -0.003 -84"><span class='ocrx_word' id='word_1_281' title='bbox 88 3145 132 3290; x_wconf 55' lang='lat' dir='ltr'><strong>lp&#39;a</strong></span> <span class='ocrx_word' id='word_1_282' title='bbox 151 3144 256 3224; x_wconf 83' lang='lat' dir='ltr'><strong>pondo</strong></span> <span class='ocrx_word' id='word_1_283' title='bbox 281 3146 402 3224; x_wconf 77' lang='lat' dir='ltr'><strong>arpenti</strong></span> <span class='ocrx_word' id='word_1_284' title='bbox 416 3148 544 3223; x_wconf 82' lang='lat' dir='ltr'><strong>dorent,</strong></span> <span class='ocrx_word' id='word_1_285' title='bbox 568 3146 707 3225; x_wconf 80' lang='lat' dir='ltr'><strong>captiuos</strong></span> <span class='ocrx_word' id='word_1_286' title='bbox 724 3152 753 3208; x_wconf 86' lang='lat' dir='ltr'><strong>ot</strong></span> <span class='ocrx_word' id='word_1_287' title='bbox 763 3145 917 3224; x_wconf 70' lang='lat' dir='ltr'><strong>perfupoo</strong></span> <span class='ocrx_word' id='word_1_288' title='bbox 931 3143 1004 3205; x_wconf 79' lang='lat' dir='ltr'><strong>rod·</strong></span> 
     </span>
    </p>

    <p class='ocr_par' dir='ltr' id='par_1_6' title="bbox 113 3236 209 3292">
     <span class='ocr_line' id='line_1_36' title="bbox 113 3236 209 3292; baseline -0.042 0"><span class='ocrx_word' id='word_1_289' title='bbox 113 3236 209 3292; x_wconf 81' lang='lat' dir='ltr'><strong>erent.</strong></span> 
     </span>
    </p>

    <p class='ocr_par' dir='ltr' id='par_1_7' title="bbox 154 3306 1004 3375">
     <span class='ocr_line' id='line_1_37' title="bbox 154 3306 1004 3375; baseline -0.004 -3"><span class='ocrx_word' id='word_1_290' title='bbox 154 3306 244 3373; x_wconf 76' lang='lat' dir='ltr'><strong>(lar.</strong></span> <span class='ocrx_word' id='word_1_291' title='bbox 255 3308 349 3375; x_wconf 89' lang='lat' dir='ltr'><strong>XXII.</strong></span> <span class='ocrx_word' id='word_1_292' title='bbox 382 3310 497 3373; x_wconf 89' lang='lat' dir='ltr'><strong>Interim</strong></span> <span class='ocrx_word' id='word_1_293' title='bbox 507 3311 663 3374; x_wconf 84' lang='lat' dir='ltr'><strong>Hannibale</strong></span> <span class='ocrx_word' id='word_1_294' title='bbox 679 3313 811 3373; x_wconf 85' lang='lat' dir='ltr'><strong>veniente</strong></span> <span class='ocrx_word' id='word_1_295' title='bbox 827 3310 863 3370; x_wconf 92' lang='lat' dir='ltr'><strong>ad</strong></span> <span class='ocrx_word' id='word_1_296' title='bbox 880 3308 1004 3370; x_wconf 82' lang='lat' dir='ltr'><strong>Africam</strong></span> 
     </span>
    </p>
   </div>
   <div class='ocr_carea' id='block_1_3' title="bbox 91 3391 1004 3474">
    <p class='ocr_par' dir='ltr' id='par_1_8' title="bbox 91 3391 1004 3474">
     <span class='ocr_line' id='line_1_38' title="bbox 91 3391 1004 3474; baseline -0.004 -17"><span class='ocrx_word' id='word_1_297' title='bbox 91 3410 148 3474; x_wconf 82' lang='lat' dir='ltr'><strong>pax</strong></span> <span class='ocrx_word' id='word_1_298' title='bbox 157 3396 266 3459; x_wconf 88' lang='lat' dir='ltr'><strong>turbata</strong></span> <span class='ocrx_word' id='word_1_299' title='bbox 277 3404 334 3474; x_wconf 82' lang='lat' dir='ltr'><strong>cst,</strong></span> <span class='ocrx_word' id='word_1_300' title='bbox 352 3395 440 3458; x_wconf 82' lang='lat' dir='ltr'><strong>multa</strong></span> <span class='ocrx_word' id='word_1_301' title='bbox 453 3396 567 3458; x_wconf 86' lang='lat' dir='ltr'><strong>hostilia</strong></span> <span class='ocrx_word' id='word_1_302' title='bbox 578 3397 613 3458; x_wconf 86' lang='lat' dir='ltr'><strong>ab</strong></span> <span class='ocrx_word' id='word_1_303' title='bbox 624 3396 703 3458; x_wconf 76' lang='lat' dir='ltr'><strong>Afris</strong></span> <span class='ocrx_word' id='word_1_304' title='bbox 716 3396 792 3457; x_wconf 85' lang='lat' dir='ltr'><strong>lacta</strong></span> <span class='ocrx_word' id='word_1_305' title='bbox 802 3402 876 3455; x_wconf 88' lang='lat' dir='ltr'><strong>sunt.</strong></span> <span class='ocrx_word' id='word_1_306' title='bbox 904 3391 1004 3472; x_wconf 69' lang='lat' dir='ltr'><strong>Legati</strong></span> 
     </span>
    </p>
   </div>
   <div class='ocr_carea' id='block_1_4' title="bbox 0 0 1165 3818">
    <p class='ocr_par' dir='ltr' id='par_1_9' title="bbox 0 0 1165 3818">
     <span class='ocr_line' id='line_1_39' title="bbox 0 0 1165 3818; baseline 0 0"><span class='ocrx_word' id='word_1_307' title='bbox 0 0 1165 3818; x_wconf 95' lang='lat' dir='ltr'><strong> </strong></span> 
     </span>
    </p>
   </div>
  </div>
 </body>
</html>
