2318 3818
274 690 464 760 canusina
487 689 646 756 mirans
671 639 822 759 resono.
884 671 886 674 ’
1004 668 1005 672 ‘

88 883 209 992 Quum,
231 912 308 993 quod
324 911 456 972 accidere
468 911 543 973 soiet
559 911 738 988 mortalibus,
763 919 794 971 ut
805 910 841 971 ad
853 911 936 972 finem
950 911 1000 972 ali·

88 1037 171 1098 quem
188 1036 238 1078 sua
255 1017 301 1075 via
317 1013 534 1092 progredientes
550 1032 638 1093 saepe
651 1013 799 1092 repentina
814 1029 888 1074 voce
906 1013 940 1074 ad
960 1012 1000 1074 di·

87 1139 200 1181 versum
217 1116 383 1179 curriculum
403 1124 572 1200 avocentur,
595 1133 712 1195 prorsus
734 1096 882 1193 insperata
898 1113 999 1175 Eutro·
1066 1097 1069 1105 ¹

89 1223 165 1301 pium
185 1221 314 1298 aliosque
333 1216 469 1296 deinceps
491 1219 646 1296 scriptores
662 1217 806 1278 Romanos
821 1215 921 1277 edendi
935 1231 1000 1294 pro·

88 1325 180 1383 vincia
199 1342 215 1384 a
232 1321 398 1395 Teubnero,
423 1321 484 1379 viro
500 1321 585 1380 unice
599 1317 753 1395 industrio,
777 1318 870 1378 subito
890 1317 1000 1379 demac-

41 1439 46 1449 ·
89 1424 152 1485 data
165 1424 232 1483 mibi
248 1423 349 1496 fuerit,
371 1419 440 1480 nihil
458 1419 532 1483 aliud
550 1421 578 1480 in
593 1419 769 1498 praefatione
785 1418 924 1498 agendum
942 1421 1000 1481 exi·

73 1527 187 1604 stimo,
215 1541 297 1602 quam
313 1530 358 1598 ut,
380 1520 539 1599 significato
552 1523 642 1583 omnis
660 1522 777 1582 instituti
789 1521 925 1599 consilio,
951 1520 1000 1582 ali·

89 1644 172 1706 quam
194 1624 403 1685 exeusationem
427 1622 494 1682 mibi
517 1623 674 1700 impetrem.
708 1620 740 1683 In
757 1621 908 1702 regendis,
928 1639 1001 1703 quae

10 1771 14 1774 ⁴
55 1745 72 1752 ·
90 1727 185 1806 pueris
201 1726 406 1803 iuvenibusque
421 1731 517 1782 nostm
531 1732 665 1784 aetatem
679 1725 791 1784 unicum
809 1732 905 1784 contra
921 1731 1000 1787 tene·

89 1828 216 1887 brionum
240 1835 314 1886 artes
336 1822 506 1903 praesidium
522 1831 670 1905 praestare
686 1822 771 1900 iicet,
793 1823 936 1884 literarum
952 1842 1000 1885 an·

90 1929 227 2007 tiquamm
249 1917 350 1987 studiis
372 1925 490 2003 primum
507 1926 703 2002 magistrorum
721 1923 846 1985 officium
860 1925 916 1985 boc
934 1943 1000 1986 esse

89 2028 215 2105 videtur,
233 2036 264 2088 ut
280 2027 420 2103 ordinem,
440 2033 497 2105 q‘uo
512 2025 647 2086 incedere
667 2044 719 2106 per
736 2025 783 2087 ilia
801 2044 871 2088 suos
891 2027 999 2103 iubent,

89 2138 170 2190 reete
192 2124 222 2189 et
243 2129 421 2190 considerate
433 2125 613 2206 constituant,
624 2136 693 2205 tum,
705 2136 736 2188 ut
746 2128 881 2207 subsidia,
899 2129 1000 2209 quibus

89 2230 201 2292 levetur
215 2230 312 2308 labor,
337 2249 371 2292 ea
393 2231 539 2310 prudentia
549 2212 754 2308 admetiantur,
776 2248 849 2309 quae
868 2230 999 2292 adiuvan-

90 2332 162 2408 dam,
179 2349 237 2392 non
248 2330 422 2393 eximendam
433 2331 489 2392 illis
501 2347 615 2410 operam
632 2348 698 2390 esse
709 2348 825 2415 semper
834 2333 1000 2394 meminerit.

90 2431 283 2512 incipiendum
293 2433 379 2511 igitur
393 2432 616 2511 ascriptoribus,
635 2432 694 2512 qni,
718 2433 847 2511 quamvis
858 2432 999 2497 in'ierioris

91 2553 210 2612 oeneus,
237 2535 364 2595 oratione
386 2542 478 2594 tamen
500 2542 529 2594 et
548 2541 712 2612 argumento
730 2532 868 2594 tironibus
890 2533 999 2595 iaciiio·

89 2655 149 2697 rem
175 2634 406 2698 consuetudinem
430 2634 597 2714 praebeant;
625 2643 683 2695 tum
704 2633 844 2696 editiones
865 2635 998 2697 exbiben-

91 2737 176 2825 dae,¹
196 2755 269 2816 quae
290 2744 422 2797 accurate
448 2734 612 2814 exploratae
632 2753 727 2814 neque
743 2736 824 2797 uitiis
845 2736 996 2813 detineant,

90 2856 185 2917 neque
201 2839 438 2917 interpretationis
455 2835 532 2897 mole
555 2836 672 2897 obruant
690 2837 820 2899 iuvenum
837 2840 949 2918 ingenia
970 2847 998 2899 et

91 2947 204 3019 praeter
214 2939 412 2999 necessitatem
424 2937 551 3018 fatigent.
563 2936 795 3017 Nequeopuscst
804 2941 997 3019 inconegetio

14 3098 18 3106 .
89 3041 184 3120 longis
196 3039 232 3102 de
249 3039 380 3102 lectionis
399 3041 517 3101 veritate
534 3039 786 3117 disputationibus,
808 3061 880 3123 quae
895 3042 931 3103 ab
946 3043 997 3101 im-

91 3143 272 3222 peritioribus
291 3141 341 3202 vix
360 3141 519 3221 capiantur,
543 3145 612 3205 viris
633 3143 750 3206 eruditis
772 3163 830 3207 noc
842 3118 995 3205 ‘sufficiant

90 3242 149 3305 Sed
175 3260 211 3306 ex
236 3261 288 3322 ea,
310 3262 384 3324 quae
406 3252 500 3323 parata
525 3263 592 3306 esse
613 3245 716 3325 debet,
741 3248 825 3326 copia
847 3243 996 3326 deligenda
