2318 3818
449 182 654 240 nissum.
762 224 766 233 .
945 178 1006 247 *ot
1118 180 1122 189 '

96 345 173 426 quod
187 344 413 422 Mogontiacum,
443 363 516 423 quae
532 346 669 406 adversus
687 365 750 421 cum
771 347 959 408 rebellaverat
975 347 1006 410 1..

94 429 214 489 Aeliano
225 447 273 488 res
291 445 381 488 novas
392 428 538 505 moliente,
557 429 740 508 diripiendam
751 431 883 491 militibus
895 432 1007 492 tradere

94 513 243 574 noluisset
273 509 342 571 Post
352 531 416 571 eum
429 511 549 590 blasius,
562 514 715 574 vilissimus
728 514 836 592 opifex,
856 533 1006 594 purpuram

93 599 206 687 accepit
221 606 250 656 et
262 595 388 656 secundo
405 596 451 656 die
465 597 630 658 interiectus
644 607 696 658 cst
729 598 889 658 Victorinus
905 608 1005 678 postea

93 666 245 741 Galliarum
262 683 399 759 accepit
390 683 556 759 imperium,
578 684 621 741 vir
634 684 855 759 strenuissimus,
873 683 924 743 scd
941 701 1005 744 cum

56 806 59 812 .
93 768 194 825 nimiae
212 763 335 825 libidinis
352 773 430 824 csset
447 774 476 824 et
499 767 674 826 matrimonia
689 766 780 826 aliena
797 777 1000 845 corrumperet,
1113 836 1115 840 ,

92 847 268 949 Agrippinae
280 850 393 908 occisus
406 851 580 909 estactuario
592 848 713 928 quodam
723 851 896 935 machinante
908 851 1002 912 dolum
1111 883 1114 921 ;

93 951 203 1011 tmperrr
216 951 259 992 sur
270 948 343 993 anuo
356 932 491 992 secundo
1108 938 1109 941 ’

157 1017 237 1077 One
258 1016 294 1078 X.
317 1016 390 1076 lluic
407 1018 547 1076 successit
563 1015 692 1078 Tetricus
704 1016 834 1096 senator,
857 1017 1002 1098 quidqui-

92 1103 194 1161 taniam
204 1101 313 1161 honore
324 1100 661 1179 praesidisadministrans
672 1102 775 1168 absens
786 1122 802 1163 a
814 1103 947 1163 militibus
953 1106 1003 1163 im·

92 1195 207 1264 perator
222 1185 331 1245 electus
343 1195 387 1245 cst
397 1195 425 1245 et
439 1185 514 1264 apud
527 1184 704 1265 Burdigalam
712 1205 862 1266 purpuram
875 1188 1003 1266 sumpsit.
1066 1199 1069 1205 '

92 1268 253 1329 Seditiones
264 1271 364 1330 multas
380 1270 497 1329 militum
509 1270 632 1348 pertulit.
660 1270 798 1330 Seddum
813 1272 883 1332 haec
896 1274 925 1331 in
938 1269 1002 1331 Gal·

91 1353 130 1413 lia
141 1364 292 1432 geruntur,
310 1356 338 1413 in
352 1353 467 1413 Oriente
479 1372 532 1432 per
544 1353 717 1414 Odenathum
728 1352 833 1415 Persae
843 1357 911 1416 victi
927 1363 1000 1415 sunt.

91 1437 219 1496 Defensa
239 1439 335 1512 Syria,
357 1445 473 1514 recepta
490 1436 705 1514 Mesopotamia.
735 1438 835 1519 Usque
855 1439 894 1506 ad⁴
908 1437 999 1499 Gtesi·

92 1521 226 1599 phontem
237 1520 399 1580 Odenathus
411 1522 577 1598 penetravit.

156 1605 241 1665 Onu.
261 1603 312 1664 XI.
343 1603 384 1664 lta
401 1602 528 1664 Gallieno
545 1623 604 1664 rem
621 1606 763 1683 publicam
782 1606 932 1667 deserente
942 1602 1001 1668 llo·
1042 1614 1047 1624 '

90 1709 200 1751 manum
216 1691 365 1768 imperium
385 1691 413 1748 in
425 1687 581 1749 Occidente
592 1708 594 1713 ’
600 1707 652 1768 ρετ
662 1687 840 1768 Postumum,
859 1709 910 1769 per
926 1690 1000 1751 Ode-

91 1775 224 1833 nathum
216 1792 244 1831 ru
256 1772 373 1833 Oriente
385 1782 525 1832 servatum
537 1783 590 1832 est
619 1772 707 1850 (v111
710 1777 725 1854 )
741 1773 903 1834 Gallienus
894 1786 1001 1836 interea

91 1855 244 1915 Mediolani
261 1874 324 1915 cunr
334 1855 483 1915 Valeriano
500 1856 585 1916 lratre
603 1859 717 1916 occisus
732 1866 776 1917 e'st
796 1861 908 1936 imperii
926 1876 999 1920 anuo

90 1957 176 2017 nono,
202 1937 434 2019 Claudiusque
408 1958 434 1998 er
447 1942 599 2016 successit,
617 1925 776 2002 amilitibus
789 1941 909 2018 electus,
926 1961 997 2002 ase·
1021 1954 1050 2005 P.

90 2034 155 2085 natu
175 2023 333 2102 appellatus
350 2023 505 2102 Augustus.
525 2023 578 2084 Hic
590 1984 698 2086 Gothos
710 2024 851 2102 Illyricum
865 2025 998 2087 blacedo-
1007 2029 1066 2079 Η·

89 2111 220 2190 uiamque
234 2117 376 2169 vastantes
387 2111 494 2186 ingenti
507 2108 618 2188 proelio
632 2112 709 2170 vicit
728 2107 831 2170 Parcus
845 2113 929 2171 virac'
938 2125 997 2172 mo·
1008 2096 1055 2147 Μ

90 2193 188 2253 destos
206 2203 235 2252 et
250 2195 315 2252 iusti
333 2202 417 2253 tenax
432 2210 466 2251 ac
485 2195 527 2253 rei
548 2193 679 2271 publicae
701 2193 842 2273 gerendae
865 2193 995 2272 idoneus,

89 2297 137 2356 qur
130 2279 241 2338 tamen
256 2279 327 2337 intra
343 2278 454 2355 imperii
472 2277 615 2336 biennium
628 2278 726 2337 morbo
743 2281 847 2337 interiit
866 2288 894 2337 et
907 2278 996 2338 Divus
1022 2276 1048 2320 Ρ

89 2361 247 2460 appellatus
260 2370 313 2420 est.
334 2361 473 2420 Senatus
465 2362 571 2459 ingenti
583 2379 645 2419 eum
654 2361 761 2420 honore
773 2361 927 2438 decoravit,
940 2365 995 2422 sci·
975 2343 1064 2388 'm

88 2444 157 2505 lic'et
172 2447 226 2528 ut
217 2463 245 2503 m
257 2445 333 2503 curia
346 2443 479 2521 clipeus'
471 2445 526 2521 rpsi
536 2462 653 2521 aureus,
671 2446 756 2503 item'
747 2464 776 2504 m
788 2442 928 2522 Gapitolio
939 2455 995 2507 sta·

88 2538 134 2590 tua
147 2525 231 2589 aurea
246 2537 409 2606 poneretur.

152 2614 237 2674 One.
253 2610 318 2679 xil.
345 2611 496 2686 Quintillus
511 2621 577 2689 post
589 2630 670 2689 eum,
693 2611 800 2673 Glaudii
812 2613 907 2689 irater,
929 2630 997 2674 con·

88 2694 173 2759 sensu
190 2697 307 2757 militum
322 2699 475 2774 imperator
491 2695 600 2756 electus
617 2707 676 2774 est,
694 2699 736 2756 vir
752 2699 851 2756 unicae
869 2695 996 2779 modera-
1077 2735 1079 2738 <

88 2785 174 2843 tionis
197 2791 227 2840 et
244 2781 400 2857 civilitatis,
426 2778 589 2858 aequandus
607 2781 684 2841 fratri
700 2779 746 2841 vel
767 2779 995 2858 praeponendus.

88 2863 239 2925 Gonsensu
262 2875 375 2924 senatus
390 2863 550 2942 appellatus
573 2864 717 2942 Augustus
742 2863 996 2942 septimodecimo
1066 2909 1067 2912 ,

89 2948 134 3008 dic
149 2949 259 3026 imperii
271 2950 383 3008 occisus
399 2957 453 3006 est.

157 3034 242 3093 Can.
253 3029 327 3090 Xlll.
347 3030 428 3111 (IX.)
455 3029 523 3091 Post
541 3047 604 3091 eum
618 3031 785 3091 Aurelianus
801 3035 929 3112 suscepit
946 3036 996 3094 im-

87 3119 207 3196 perium,
223 3116 312 3175 Dacia
323 3114 442 3193 Ripensi
454 3115 596 3188 oriundus,
608 3118 651 3174 vir
662 3118 689 3174 in
698 3115 776 3175 bello
788 3125 900 3195 potens,
913 3118 995 3177 animi

86 3211 179 3262 tamen
195 3198 336 3259 immodici
357 3198 434 3258 etad
453 3198 643 3258 cmdelitatem
659 3203 864 3278 propensioris,
888 3203 994 3279 quique
1017 3220 1044 3263 τ.

88 3284 197 3345 Gothos
219 3284 410 3344 strenuissime
432 3283 508 3341 vicit.
532 3282 691 3342 Romanam
707 3284 847 3344 dicionem
866 3284 900 3343 ad
924 3286 994 3346 fines
1006 3287 1061 3334 GN·

89 3369 321 3489 ρτίρρίρρρεωρετίε
346 3366 482 3426 bellorum
506 3365 640 3426 felicitate
660 3369 813 3428 revocavit.
839 3368 995 3514 5Superavit
1010 3357 1058 3402 ²²¹·

207 3454 219 3487 P
239 3472 242 3485 ι
257 3477 261 3487 .
453 3482 457 3488 .

1007 2398 1124 2456 aro'
