2318 3818
443 261 579 318 LIBER
608 263 648 318 lll.
962 258 1003 321 21

89 429 195 504 gravit.
232 424 370 486 Hannibal
386 424 486 485 multas
505 427 633 484 civitates
648 424 838 485 Romanorum
859 445 911 504 per
927 426 1004 504 Apu-

89 509 164 586 liam,
173 509 340 584 Calabriam,
355 518 384 567 ct
396 506 519 568 Bru‘ttics
534 510 693 585 occupavit,
708 527 764 587 quo
781 520 910 587 tempore
922 512 1005 570 etiam
1083 548 1085 555 ι

88 613 142 655 rex
155 593 340 654 Macedoniae
354 591 501 670 Philippus
520 591 555 652 ad
570 610 634 651 eum
653 592 764 670 legatos
776 596 866 670 misit,
890 595 1004 671 promit·

35 705 37 707 ·
90 686 153 736 tens
165 677 268 737 auxilia
284 685 380 736 contm
391 677 535 735 Romanos
553 674 604 735 sub
620 675 674 736 hac
690 677 869 752 condicione,
884 686 915 736 ut
926 675 1003 735 dele-

89 763 126 819 tis
138 761 272 821 Romanis
284 761 349 837 ipse
364 775 480 839 quoque
495 767 591 819 contra
605 757 731 820 Graecos
743 761 778 820 ab
789 759 944 819 Hannibale
956 778 1003 818 au·

89 843 157 904 xilia
178 846 332 922 acciperet.
371 843 469 920 Captis
488 845 573 921 igitur
590 842 692 920 legatis
707 843 830 921 Philippi
854 852 882 902 et
903 861 935 902 re
955 859 1003 902 co·

89 930 169 1005 gnita
189 928 307 988 Romani
326 930 355 986 in
369 926 564 986 Macedoniam
579 925 617 985 H.
633 926 777 987 Valerium
788 927 940 988 Laevinum
961 927 1003 984 ire

89 1013 242 1087 iusserunt,
255 1013 284 1070 in
300 1011 455 1070 Sardiniam
470 1008 501 1069 T.
512 1008 645 1069 blanlium
656 1010 828 1089 Torquatum
847 1025 1003 1087 proconsu-

90 1093 156 1154 lem.
179 1095 250 1154 Nam
266 1097 349 1155 etiarn
368 1112 401 1153 ea
418 1076 567 1154 sollicitata
581 1094 616 1153 ab
628 1093 782 1154 Hannibale
797 1095 942 1155 Romanos
954 1091 1002 1150 de-

91 1187 229 1238 senuerat.

37 1298 45 1308 ·
155 1263 242 1322 Gar.
254 1260 332 1320 Xlll.
357 1259 399 1321 lta
416 1278 472 1320 uno
487 1270 619 1339 tempore
638 1271 757 1341 quatuor
772 1260 846 1321 locis
862 1259 1004 1339 pugnaba-

90 1355 149 1407 tur:
172 1347 200 1405 in
214 1344 296 1406 ltalia
312 1354 409 1405 contra
420 1344 618 1420 Hannibalem,
637 1348 665 1403 in
676 1344 820 1422 Hispaniis
837 1353 934 1404 ocntm
950 1341 1005 1401 fra-

90 1439 162 1489 trem
185 1431 246 1486 eius
257 1427 477 1503 Hasdrubalem,
500 1431 529 1487 in
541 1426 708 1486 Macedonia
723 1436 820 1486 contra
834 1425 1004 1502 Philippum,

90 1515 120 1572 in
135 1510 262 1571 Sardinia
274 1520 370 1570 contra
383 1510 489 1570 Sardos
505 1520 533 1570 et
544 1510 662 1570 alterurn
673 1510 877 1570 Hasdrubalem
890 1507 1005 1568 Cartba-

92 1597 259 1674 giniensem.
288 1592 317 1653 ls
334 1593 394 1654 aT.
415 1593 520 1654 Manlio
533 1594 720 1672 proconsule,
742 1596 790 1672 qui
804 1593 838 1653 ad
850 1592 1006 1653 Sardiniam

92 1682 195 1738 missus
211 1678 318 1755 luerat,
338 1681 420 1737 vivus
436 1687 480 1737 est
494 1688 604 1756 captus,
627 1681 724 1738 occisa
736 1696 799 1736 curn
812 1695 848 1736 eo
862 1697 902 1737 xn
917 1674 1004 1751 milia,

93 1765 168 1840 capti
179 1762 246 1820 mile
257 1764 414 1840 quingenti,
430 1772 459 1820 et
470 1781 485 1822 a
496 1763 631 1822 Romanis
644 1762 772 1822 Sardinia
783 1761 910 1821 subacta.
929 1757 1006 1819 llan-

91 1846 147 1905 lius
163 1848 256 1904 victor
278 1849 407 1922 captivos
430 1855 458 1903 et
481 1844 684 1904 Hasdrubalem
701 1844 821 1904 Romam
840 1845 1006 1921 reportavit.

92 1927 205 1988 Interea
224 1926 465 2026 etiarql’bilippus
485 1927 635 1988 abaevinc
653 1930 681 1986 in
692 1925 860 1987 Macedonia
875 1927 1005 1998 vincitur,

93 2014 166 2072 etin
183 2010 318 2089 Hispania
336 2030 351 2070 a
367 2011 552 2088 Scipionibus
569 2009 725 2070 Hasdrubal
742 2009 883 2087 etllag0,
906 2009 1006 2067 tertius

94 2096 182 2156 irater
195 2094 368 2156 Hannibalis.
900 2156 905 2169 ,

158 2181 244 2240 Gar.
259 2177 335 2238 XIV.
354 2177 463 2260 (VIII.)
485 2179 605 2239 Decimo
618 2195 689 2237 anno
702 2187 785 2256 post,
811 2196 895 2256 quam
906 2174 1008 2234 Hanni·
1020 2189 1075 2232 au.

92 2263 140 2325 bal
153 2267 181 2323 in
190 2262 299 2324 ltaliam
310 2272 442 2340 venerat,
461 2262 491 2323 P.
505 2262 644 2340 Sulpicio,
658 2260 710 2321 Cn.
723 2259 825 2321 Fulvio
841 2277 918 2319 coss.
934 2257 1061 2317 Han-⁶⁴¹·

92 2347 169 2408 nibal
189 2365 282 2426 usque
301 2345 337 2405 ad
353 2357 481 2424 quartum
491 2346 638 2404 miliarium
652 2345 729 2403 urbis
742 2345 876 2419 accessit,
897 2343 1010 2418 equites

94 2433 157 2490 eius
170 2429 308 2509 usquead
320 2437 438 2506 portam.
468 2427 537 2487 Hox
548 2425 696 2486 consulum
715 2435 791 2486 metu
804 2443 868 2485 curn
883 2425 1012 2484 exercitu

60 2548 64 2554 ·
93 2516 256 2574 venientum
268 2510 405 2571 Hannibal
416 2511 452 2571 ad
468 2510 647 2589 Campaniam
661 2528 693 2569 se
705 2511 826 2586 recepit.
860 2506 893 2568 ln
906 2505 1007 2584 Hispa·

93 2601 140 2658 nia
151 2616 167 2657 a
178 2597 264 2657 fratre
276 2599 337 2656 eius
349 2594 524 2656 Hasdrubale
537 2595 619 2655 ambo
631 2593 793 2672 Scipiones,
814 2596 862 2671 qui
876 2609 928 2669 per
938 2589 1007 2649 mul·

93 2692 140 2742 tos
152 2698 239 2741 annos
251 2682 378 2757 uictores
390 2679 512 2756 fueraut,
531 2677 744 2753 interficiuntur,
757 2677 900 2737 exercitus
915 2683 1009 2734 tamen

94 2769 206 2842 integer
216 2767 326 2824 mansit.
355 2762 430 2824 Casu
441 2766 515 2823 enirn
526 2754 617 2840 magis
628 2771 716 2838 erant,
729 2779 813 2839 quam
823 2761 936 2830 virtute,
960 2755 1008 2815 de-

96 2850 181 2925 cepti.
221 2847 285 2919 Quo
311 2857 440 2925 tempore
463 2849 547 2906 etiam
568 2865 584 2906 a
606 2845 723 2905 consule
738 2841 873 2904 Marcello
892 2839 1077 2902 Siciliaenu.

95 2948 196 3009 magna
207 2948 272 3008 pars
285 2940 367 3008 capta
378 2940 433 3006 est,
447 2948 530 3010 quam
540 2939 639 2990 tenere
650 2929 712 2989 Afri
729 2935 894 3005 coeperant,
918 2933 947 2984 et
957 2939 1007 2984 no·
1023 2923 1069 2966 ⁵⁴⁰·

95 3014 251 3076 bilissimae
269 3013 346 3073 urbis
362 3014 557 3089 Syracusanae
574 3013 678 3092 praeda
696 3015 796 3089 ingens
813 3011 931 3071 Romam
946 3025 1010 3086 per·

95 3100 151 3159 lata
166 3108 220 3158 est.
249 3096 388 3157 Laevinus
406 3099 434 3156 in
449 3096 617 3158 Macedonia
638 3113 701 3155 cum
715 3094 847 3173 Philippo
871 3103 899 3153 et
916 3091 1010 3152 multis

96 3181 234 3243 Graeciae
246 3180 361 3259 populis
379 3189 407 3240 et
416 3199 488 3258 rege
499 3181 586 3241 Asiae
596 3179 692 3240 Attalo
703 3180 852 3240 amicitiam
872 3176 957 3250 lecit,
982 3182 1010 3232 et

90 3265 131 3327 ad
151 3266 276 3327 Siciliam
294 3264 442 3342 proiectus
453 3263 617 3325 Hannonem
629 3263 783 3343 quendam,
806 3260 939 3321 Afrorum
959 3255 1008 3315 dn·

93 3367 177 3433 ocem,
200 3348 276 3428 apud
289 3350 476 3428 Agrigentum
488 3351 628 3409 civitatem
641 3364 703 3407 cum
720 3348 784 3425 ipsc
796 3340 903 3422 oppido
920 3341 1008 3419 cepit,

98 3450 219 3511 eumque
234 3432 354 3494 Romam
370 3450 434 3492 cum
450 3433 570 3510 captivis
586 3430 729 3492 nobilibus
749 3428 833 3488 misit.
864 3445 901 3485 xn
913 3425 1008 3484 civita·
