2318 3818
439 227 656 288 LIBBBVII.
959 223 1003 288 4⁹
1094 230 1097 237 '

90 412 141 454 rea
149 393 262 470 ducitur,
280 411 343 453 cum
353 391 469 452 Mazaca
479 400 560 452 antea
571 400 730 452 vocaretur
763 389 817 451 llio
827 393 911 452 tertio
924 400 953 452 et
963 410 1004 453 rr
1025 401 1045 444 Ρ

89 480 202 577 gesimo
214 479 325 556 imperii
336 494 420 552 auno,
433 477 532 535 aetatis
544 477 878 554 septuagesimooctavo,
895 477 1002 553 ingenti
1014 469 1070 517 ω’

92 564 213 622 omnium
222 561 329 639 gaudio
341 569 467 621 mortuus
484 562 547 620 est
538 578 571 619 m
579 557 739 638 Campania
1019 538 1053 581 ⁸²·

155 643 435 724 cir.xl1.(v11)
462 644 649 703 Successiter
641 642 747 703 Gaius
760 641 878 720 Caesar,
896 660 1003 722 eogno-

91 738 187 789 mento
203 728 342 806 Caligula,
361 729 458 805 Drusi,
472 730 593 806 privigni
587 727 739 806 'Augusti
753 737 781 787 et
793 730 883 806 ipsius
896 726 1003 789 Tiberii

90 830 195 891 nepos,
209 813 445 872 sceleratissimus
460 831 494 872 ac
512 812 733 889 funestissimus,
758 814 846 890 etqui
860 815 945 873 etiam
957 812 1003 873 Τί·

90 896 164 966 berii
175 896 318 956 dedecora
325 898 501 975 purgaverit:
517 895 627 956 Bellum
637 906 734 956 eontra
742 895 1003 956 Germanossusoe-

91 982 143 1058 pit,
156 990 184 1041 et
194 983 341 1058 ingressus
354 981 484 1040 sueviam
499 979 568 1050 nibil
579 989 693 1040 strenue
705 980 784 1040 lecit.
809 976 912 1059 Stupri
923 997 1003 1040 some
1088 1024 1092 1032 .

89 1065 169 1124 ribus
181 1063 283 1141 intulit,
302 1083 339 1124 ex
349 1083 404 1124 una
416 1067 498 1123 etiam
511 1064 595 1124 liliam
608 1066 732 1141 agnovit.
773 1061 844 1124 Cum
856 1063 1005 1124 adversum

91 1159 211 1209 cunctos
220 1150 327 1226 ingenti
341 1150 466 1223 avaritia,
485 1147 611 1223 libidine,
625 1147 789 1208 crudelitate
804 1150 943 1225 saeviret,
961 1149 1003 1207 in-

89 1233 227 1294 teriectus
247 1235 276 1292 in
291 1231 396 1310 palatio
419 1240 463 1292 est
484 1249 556 1292 auno
575 1232 675 1292 aetatis
691 1251 785 1309 mm,
812 1234 923 1311 imperii
944 1252 1001 1310 ιιι,

89 1335 227 1377 mensor.
241 1317 422 1394 diequevnr.
1101 1318 1112 1396 ,'

154 1401 206 1460 (in
215 1421 243 1460 r.
257 1398 336 1459 XIII.
354 1398 463 1478 (VIII.)
488 1397 557 1457 Post
572 1398 647 1457 bunc
659 1397 793 1458 Claudius
807 1399 870 1473 luit,
886 1408 1002 1477 patruus

90 1483 247 1561 Caligulae,
259 1483 356 1559 Drusi,
370 1484 418 1559 qui
433 1481 507 1558 apud
515 1479 725 1558 Mogontiacum
734 1491 942 1542 monumentum
953 1482 1002 1542 lra-

89 1568 149 1641 bet,
164 1567 248 1642 lilius,
264 1569 344 1627 cuius
361 1575 391 1625 et
402 1564 530 1643 Caligula
544 1581 635 1643 nepos
649 1574 718 1625 erat.
745 1565 798 1626 llic
809 1565 903 1626 medie
913 1568 1002 1644 impe·

88 1652 177 1727 ravit,
200 1650 284 1710 multa
295 1667 401 1728 gerens
418 1649 568 1728 tranquille
584 1658 669 1728 atque
682 1650 841 1727 moderate,
865 1649 1017 1729 quaedam

89 1734 240 1795 crudeliter
254 1743 284 1794 et
293 1733 410 1794 insulse.
443 1733 602 1793 Britanniae
614 1733 719 1793 bellum
729 1734 831 1810 intulit,
844 1742 927 1812 quani
940 1731 1000 1793 nul·

88 1818 134 1879 lus
144 1818 335 1877 Romanomm
347 1826 414 1894 post
423 1816 682 1876 luliumCaesarem
693 1819 833 1894 attigerat,
847 1835 956 1896 eaque
951 1817 1000 1876 de·

88 1904 164 1961 ricta
181 1919 234 1980 per
245 1899 296 1962 Cn.
308 1901 436 1960 Sentium
448 1909 476 1958 et
490 1899 525 1959 Α
537 1899 684 1975 Plautium,
706 1899 830 1960 illustres
846 1909 875 1960 et
888 1901 1001 1961 nobiles
1025 1918 1052 1958 r.

88 1988 167 2046 viros
175 1985 369 2063 ,triumphum
385 1983 530 2043 celebrem
543 1986 612 2060 egit.
643 1982 784 2056 Quasdam
795 1984 902 2045 insulas
917 1986 1066 2045 etiamch

89 2070 161 2130 ultra
172 2031 360 2129 Britanniam
351 2088 379 2128 m
392 2067 507 2128 Oceano
528 2070 635 2145 positas
646 2067 800 2128 Bomano'
791 2070 911 2146 imperio
923 2056 1051 2128 addi-⁴³·

89 2154 145 2229 dit,-
158 2171 231 2233 quae
243 2153 421 2232 appellantur
434 2151 576 2227 Orcades,
595 2151 711 2250 liliaque
723 2169 775 2212 suo
786 2151 938 2212 Britannici
949 2167 1000 2212 no·

88 2256 152 2298 men
166 2241 310 2317 imposuit.
344 2237 412 2297 Tam
428 2237 519 2297 civilis
536 2244 629 2296 autem
647 2239 724 2297 circa
739 2236 876 2314 quosdam
892 2237 1000 2296 amicos

89 2325 207 2398 exstitit,
219 2330 250 2381 ut
261 2324 345 2386 etiam
355 2321 507 2396 Plautium,
523 2319 648 2379 nobilem
661 2320 762 2396 virum,
782 2322 830 2398 qni
845 2321 873 2379 in
885 2319 1000 2397 expedi·

88 2409 168 2467 tione
178 2404 432 2464 Britannica‘multa
445 2405 565 2481 egregie
576 2402 695 2478 lecerat,
708 2404 921 2482 triumphantem
936 2404 1000 2481 ipse

89 2496 313 2568 prosequeretur
327 2496 356 2547 et
370 2487 572 2548 conscendenti
590 2484 760 2565 Capitolium
772 2487 870 2548 laevus
885 2487 999 2547 incede·
1018 2503 1045 2546 r.

88 2581 142 2633 ret.
174 2571 204 2631 ls
221 2573 291 2632 vixit
308 2589 397 2632 annos
409 2592 439 2633 ιι
451 2580 480 2631 et
491 2591 538 2647 nr,
557 2573 774 2650 imperavitxrv.
801 2571 871 2633 Post
881 2580 1000 2638 mortem
1009 2571 1066 2615 θ-Ν·

88 2665 273 2719 consecratus
285 2665 329 2717 est
339 2656 486 2735 Divosque
497 2654 664 2735 appellatus.
1017 2641 1050 2684 ⁵⁴·

153 2742 239 2802 Cur.
254 2738 330 2801 XIV.
346 2739 429 2820 (IX.)
460 2740 620 2800 Successit.
632 2740 698 2800 huic
720 2738 814 2816 Nero,
840 2738 997 2817 Caligulae,

89 2824 228 2884 avunculo
240 2842 304 2901 suo,
323 2825 495 2898 simillimus,
515 2826 563 2902 qui
577 2826 725 2901 imperium
735 2823 891 2901 Romanum
909 2832 938 2882 et
950 2822 998 2883 de·

89 2908 221 2967 formavit
232 2917 261 2967 et
272 2907 408 2984 diminuit,
421 2909 569 2967 inusitatae
584 2906 710 2968 luxuriae
722 2916 949 2986 sumptuumque,
969 2916 999 2967 ut

90 2994 138 3072 qui
150 2990 282 3070 exemplo
294 2989 355 3052 Caii
372 2990 517 3075 Caligulae
534 2991 633 3052 ealrdrs
654 3001 682 3052 et
697 2991 807 3070 lrrgrdrs
824 2991 932 3053 lavaret
948 3011 998 3051 nu·
1101 3053 1106 3070 ,ι

89 3078 219 3155 quentis,
243 3076 350 3136 retibus
361 3076 454 3135 aureis
465 3078 638 3154 piscaretur,
660 3094 733 3155 quae
748 3075 872 3137 blattinis
884 3076 997 3136 funibus

90 3160 265 3222 extrahebat.
301 3159 437 3220 inlinitum
463 3169 571 3238 partem
594 3170 708 3221 senatus
733 3161 892 3237 interiecit,
914 3160 998 3219 bonis

89 3245 219 3306 omnibus
231 3245 323 3304 hostis
331 3244 392 3305 luit.
414 3243 459 3304 dd
466 3253 638 3322 postremum
644 3263 676 3304 se
686 3253 762 3306 tanto
776 3245 919 3305 dedecore
931 3258 997 3320 pro-

89 3333 188 3405 stituit,
206 3338 235 3390 ut
253 3338 281 3388 et
295 3328 410 3390 saltaret
421 3339 450 3389 et
459 3338 585 3389 cantaret
602 3331 630 3389 in
641 3348 728 3390 scena
739 3327 935 3389 citharoedico
945 3327 1002 3382 lra-

88 3413 149 3474 bitu
160 3413 206 3474 vel
217 3416 335 3494 tragIco.
373 3412 529 3478 Parricidia
536 3413 629 3479 multa
638 3415 789 3477 commisit
798 3410 1039 3557 transfixere*

121 3509 254 3549 emortus.
