2318 3818
454 222 592 280 LIBER
617 224 648 278 ΙΙ.
969 218 1010 282 15

95 399 162 447 ιιιι
173 405 261 448 navos
275 388 370 464 cepit,
388 403 438 447 nr
451 387 560 462 mersit,
576 405 618 463 nn
631 386 707 446 milia
718 386 842 446 hostium
855 386 949 464 cepit,
973 406 1010 448 ιιι

93 471 170 531 milia
186 468 301 532 occidit.
335 469 437 548 Neque
454 468 512 528 ulia
533 470 653 530 victoria
668 468 803 529 Romanis
820 471 928 546 gratior
943 469 1007 548 fuit,

95 553 171 632 quod
186 555 284 614 invicti
303 562 378 614 terra
394 555 450 613 iam
467 554 552 612 etiam
567 555 636 613 mari
652 553 802 631 plurimum
820 563 955 630 possent>
972 551 1006 614 C.
1019 562 1076 608 hv·

94 637 219 715 Aquillio
231 636 329 713 Floro,
341 635 373 696 L.
387 637 524 714 Scipione
536 652 613 696 coss.
628 636 728 715 Scipio
741 634 889 697 Corsicam
901 645 930 696 et
940 635 1006 696 Sar·
1018 629 1065 675 ⁴⁹³·

73 720 196 780 „diniam
214 721 353 797 assunt,
385 719 472 781 multa
490 719 567 780 milia
590 719 656 781 iude
682 721 857 798 captivorum
881 719 1006 798 abduxit,
1096 730 1098 734 ’

92 805 262 881 triumphum
277 805 347 881 egit.

160 886 244 947 Cae.
257 884 336 949 xxi.
354 885 437 966 (xl.)
467 887 498 946 h.
512 885 617 948 Manlio
633 885 772 962 Vulsone,
788 884 827 945 ii.
844 885 934 947 Atilio
949 886 1006 947 ae·
1019 905 1077 948 au.

59 1039 61 1041 ,
93 970 162 1048 guio
172 987 250 1030 coss.
268 969 374 1031 bellum
390 973 418 1030 ia
435 970 561 1031 Africam
573 969 737 1031 nansiatum
753 978 807 1030 est.
836 968 941 1031 Contra
953 970 1007 1030 ila·
1019 972 1065 1016 Μ

93 1054 254 1132 miioarem,
274 1053 545 1132 Carthaginiensium
565 1054 682 1131 ducem,
706 1056 735 1113 in
755 1055 824 1114 mari
842 1063 1006 1132 pugnatum,

93 1139 245 1216 victusque
261 1145 316 1197 est.
345 1136 416 1198 Nara
430 1138 549 1216 perditis
563 1156 632 1200 univ
648 1136 768 1197 naribus
784 1145 861 1198 retro
879 1154 912 1198 se
925 1154 1007 1198 rece·

94 1223 144 1298 pit.
166 1220 286 1281 Romani
298 1239 359 1280 ιιιι
369 1223 531 1283 amiserunt.
561 1221 620 1282 Sed
635 1239 699 1280 cum
713 1223 743 1281 in
752 1219 879 1281 Africam
891 1223 1007 1281 tramis·

93 1313 172 1381 sent,
190 1305 307 1382 primam
318 1302 472 1383 Clypea,
484 1304 602 1366 Africae
617 1306 775 1381 civitatem,
791 1306 820 1365 in
836 1303 1008 1365 deditionem

93 1397 275 1466 acceperunt.
306 1385 448 1463 Consules
471 1388 619 1468 usquead
640 1387 838 1464 Carthaginem
855 1404 1007 1465 processe·

92 1479 167 1547 runt,
186 1469 341 1548 multisque
357 1472 475 1531 vastatis
488 1470 610 1530 idaniius
628 1471 722 1529 victor
734 1468 852 1530 Romam
868 1469 963 1537 rediit.
979 1478 1009 1528 et

93 1571 173 1614 nau
187 1552 264 1614 miiia
274 1554 449 1631 captivorum
463 1553 590 1630 reduxit,
604 1552 708 1614 Atilius
722 1552 852 1632 Regrrlns
869 1555 898 1613 in
908 1552 1006 1612 Africa

92 1639 234 1699 remansit.
271 1635 301 1696 1s
317 1645 415 1698 contra
429 1637 517 1698 Afros
539 1641 630 1698 aciem
652 1639 791 1698 instruxit.
825 1634 930 1698 Contra
948 1645 1008 1696 tres

93 1719 366 1798 Carthaginiensium
383 1720 472 1782 duces
490 1722 625 1782 dimicans
640 1722 732 1780 vietor
746 1721 815 1797 fuit,
842 1738 915 1782 xvrn
931 1718 1007 1780 milia

93 1805 216 1864 hostium
229 1804 344 1881 cecidit,
359 1806 485 1882 quinque
496 1805 573 1864 milia
585 1822 649 1863 oum
659 1823 732 1863 uvnr
744 1802 905 1881 elephantis
917 1805 1006 1881 oepit,

93 1906 197 1947 unrrn
209 1888 340 1947 civitates
351 1888 380 1946 in
394 1886 478 1947 iidem
489 1888 613 1965 accepit.
635 1885 704 1945 'l'um
715 1887 783 1945 victi
795 1883 1008 1963 Carthaginien·

94 1988 143 2030 ses
156 1986 258 2048 pacem
271 1969 434 2030 aRomanis
449 1972 601 2048 petierunt.
625 1968 715 2042 Quam
728 1986 792 2028 oum
801 1967 930 2047 Regulus
945 1967 1008 2029 nol·

93 2062 135 2114 ret
144 2055 199 2114 nisi
211 2052 368 2114 durissimis
381 2054 596 2115 condicionibus
609 2052 687 2129 dare,
709 2052 771 2113 Afri
782 2052 943 2112 auxiliuma
956 2051 1008 2113 ha·

94 2137 285 2198 cedaemoaiis
304 2138 455 2217 petierunt.
477 2137 516 2199 Et
534 2137 608 2197 duce
621 2137 803 2215 Xanthippo,
824 2138 902 2215 quia
921 2134 1008 2196 Lace·

94 2221 249 2281 daemoniis
270 2224 375 2283 missus
386 2221 487 2300 iuerat,
506 2221 696 2282 Romanorum
708 2219 765 2280 dux
774 2219 904 2298 Regulus
915 2221 1009 2279 victus

94 2314 139 2365 est
148 2303 244 2364 ultima
260 2307 397 2382 pernicie.
428 2305 499 2366 Nam
520 2305 576 2364 duo
593 2304 669 2364 milia
685 2312 790 2363 tantum
805 2321 842 2362 ex
858 2304 933 2362 omni
949 2302 1008 2362 Ro·

92 2404 175 2449 mano
206 2391 334 2448 exercitu
354 2388 537 2466 refugerunt,
576 2388 722 2465 quingenti
747 2403 810 2445 oum
836 2387 1008 2463 imperatore
1127 2416 1135 2429 ·

93 2469 207 2548 Regulo
220 2472 295 2548 capti
307 2479 381 2548 sunt,
392 2489 450 2532 m
462 2469 538 2530 milia
549 2473 663 2546 occisa,
675 2468 804 2547 Regulus
814 2471 879 2548 ipse
892 2471 921 2530 iu
933 2477 1008 2529 cate·

94 2556 316 2616 nasconiectus,
833 2607 844 2620 κ

156 2636 239 2698 Car.
253 2635 346 2699 XXII.
361 2635 458 2718 (ΧΗ.)
480 2636 518 2697 Μ.
534 2636 656 2696 Aemilio
668 2635 773 2713 Paulo,
792 2637 894 2696 Servio
905 2634 1007 2696 Fulvio
1019 2655 1075 2698 an.

93 2721 241 2783 Nohiiiore
253 2740 330 2783 coss.
340 2723 424 2784 ambo
434 2720 695 2782 Romanioonsoies
707 2718 872 2780 ad'ihiricam
885 2718 1007 2795 proiecti
1014 2723 1060 2767 ⁴⁹⁷·

93 2814 158 2865 suut
165 2824 228 2866 oum
239 2815 427 2868 trecentum
436 2808 548 2866 uarium
560 2804 662 2864 classe.
685 2802 806 2863 Primum
817 2802 903 2862 Afros
916 2801 1007 2862 navali
1106 2811 1109 2816 “

95 2891 247 2948 certamine
265 2900 408 2968 superant.
438 2887 576 2948 Aemilius
593 2887 692 2947 consui
710 2895 822 2947 contum
841 2895 871 2946 et
887 2894 1008 2965 quatuor

94 2990 182 3032 naves
196 2972 320 3032 hostium
334 2973 478 3050 demersit,
496 2973 610 3050 triginta
621 2989 686 3031 oum
700 2970 904 3049 pugnatoribus
916 2971 1006 3047 cepit,

92 3075 131 3117 xv
143 3054 219 3116 milia
240 3057 363 3116 hostium
384 3064 432 3116 aut
445 3056 550 3117 occidit
567 3064 614 3116 aut
629 3056 717 3133 cepit,
740 3053 856 3115 militem
869 3071 951 3114 suum
965 3055 1006 3112 iu·

93 3142 171 3219 genti
190 3141 296 3218 praeda
307 3140 414 3201 ditarit.
447 3139 485 3202 Et
500 3141 617 3201 subacta
633 3139 731 3199 Africa
745 3147 803 3199 tum
817 3138 935 3212 inisset,
952 3135 1007 3194 nisi

93 3232 168 3285 tauta
187 3225 277 3286 fames
295 3224 412 3301 fuisset,
436 3233 466 3284 ut
482 3225 586 3284 diutius
604 3231 774 3302 exspectare
791 3223 933 3282 exercitus
951 3234 1009 3278 non

94 3318 205 3386 posset.
228 3291 372 3369 Consules
386 3326 449 3368 cum
467 3310 578 3368 victrici
597 3307 692 3367 classe
704 3305 857 3366 redeuntes
876 3305 953 3363 circa
964 3302 1009 3362 Si·

95 3392 187 3454 ciliam
198 3394 374 3473 naufragium
385 3394 462 3473 passi
478 3401 551 3453 suut.
583 3391 620 3452 Et
637 3399 712 3452 unta
726 3395 880 3468 tempestas
895 3385 959 3464 init,
979 3393 1010 3446 ut
