2318 3818
154 218 197 285 48
501 224 722 282 EUTROPll

224 389 309 449 Gar.
332 385 382 448 lX.
415 387 500 448 Nullo
523 398 653 467 tempore
678 407 731 449 res
753 387 879 446 Romana
900 387 993 464 magis
1021 386 1076 446 llo·

131 475 220 532 ruit.
255 471 326 532 Nam
347 474 477 550 exceptis
500 471 632 532 civilibus
651 471 751 547 bellis,
777 469 925 549 inquibus
948 471 1076 531 invictus

156 556 218 630 luit,
231 555 359 615 Romano
371 556 475 616 adiecit
486 557 606 634 imperio
613 554 786 633 Aegyptum,
801 550 989 631 Cantabriam,
1003 553 1075 615 Dal·

156 640 281 715 matiam,
305 657 393 718 saepe
411 648 475 700 ante
493 641 612 715 victam,
636 638 689 699 sed
701 641 813 718 penitus
827 647 894 697 tuno
912 637 1074 716 subactam,

155 720 336 800 Pannoniam,
356 724 551 805 Aquitaniam,
573 722 727 800 Illyricum,
745 722 884 798 Raetiam,
902 720 1075 783 Vindelicos

158 815 186 865 et
205 806 336 868 Salassos
355 810 383 868 in
395 808 528 886 Alpibus,
549 823 647 868 omnes
659 806 740 868 Ponti
756 807 907 866 maritimas
925 807 1073 882 civitates,

156 891 185 949 in
196 889 240 950 his
250 891 608 970 nobilissimasBosporum
618 902 647 953 et
654 891 871 970 Panticapacon.
889 889 966 950 Vicit
976 899 1075 950 autern

157 974 274 1051 proeliis
299 975 406 1036 Dacos.
450 973 649 1036 Germanorum
677 977 809 1054 ingentes
831 975 931 1052 copias
952 973 1072 1052 cecidit,

154 1060 235 1134 ipsos
250 1077 366 1138 quoque
377 1069 453 1120 trans
464 1058 558 1119 Albim
574 1059 689 1121 lluvium
700 1059 852 1136 submovit,
871 1060 918 1137 qui
930 1058 959 1117 in
970 1057 1074 1119 barba·

155 1142 216 1202 rico
227 1142 315 1220 longe
326 1144 398 1203 ultra
408 1143 538 1204 Rhenum
550 1153 603 1203 est.
634 1143 697 1204 lloc
708 1153 801 1203 tamen
816 1142 922 1202 bellurn
933 1160 986 1221 per
997 1139 1073 1201 Dru·

155 1243 217 1283 snm
235 1228 394 1304 privignum
411 1246 492 1287 suum
508 1227 728 1302 administrarit,
753 1228 827 1286 sicut
844 1245 897 1305 per·
913 1225 1071 1302 Tiberium,

156 1311 315 1387 privignum
326 1310 456 1387 alterum,
468 1309 668 1388 Pannonicum,
686 1328 744 1391 quo
756 1309 834 1370 bello
845 1331 882 1371 ιιι
893 1309 969 1372 milia
982 1311 1073 1388 capti·

154 1409 255 1452 vorum
273 1413 310 1454 ex
332 1393 480 1468 Germania
501 1395 642 1455 transtulit
662 1405 690 1455 et
712 1410 797 1473 supra
821 1397 911 1473 ripam
928 1393 1021 1453 Rheni
1040 1395 1073 1453 in

157 1475 245 1538 Gallia
258 1479 421 1540 collocavit.
443 1478 604 1540 Armeniam
619 1499 635 1540 a
651 1479 761 1540 Parthis
778 1481 900 1556 recepit.
931 1477 1071 1553 Obsides,

156 1561 233 1638 quod
244 1561 313 1621 nulli
324 1572 417 1639 antea,
434 1562 539 1623 Persae
551 1565 578 1623 ei
590 1563 737 1624 dederunt.
773 1562 967 1622 Reddiderunt
985 1563 1074 1622 etiam

156 1647 237 1722 signa
248 1644 384 1723 Romana,
399 1665 472 1726 quae
484 1645 590 1708 Crasso
600 1650 678 1708 victo
690 1645 862 1706 ademerant.

218 1728 305 1788 cnr.
327 1728 364 1789 X.
393 1731 516 1807 Scythae
529 1729 645 1805 etlndi,
668 1729 770 1808 quibus
784 1737 866 1787 antea
876 1725 1075 1790 Romanorum

154 1829 257 1872 nomen
270 1815 443 1892 incognitum
457 1816 563 1890 luerat,
588 1831 703 1873 munera
719 1821 747 1872 et
762 1812 874 1889 legatos
886 1810 921 1870 ad
937 1829 1004 1871 eum
1019 1815 1074 1874 mi·

82 1941 88 1946 .
155 1905 260 1957 serunt.
284 1894 391 1959 Galatia
405 1917 520 1978 quoque
532 1898 584 1958 sub
601 1899 658 1958 hoc
675 1898 822 1976 provincia
833 1895 907 1955 iacta
920 1903 981 1971 est,
1006 1914 1074 1957 cum

154 1990 235 2040 antea
250 1999 368 2057 regnum
380 1982 491 2057 inisset,
506 1984 670 2059 primusque
682 2000 743 2042 eam
753 1980 791 2040 Μ.
803 1979 910 2039 Lollius
922 1996 974 2057 pro
987 1997 1073 2058 prae·

154 2071 217 2122 tore
230 2062 442 2123 administravit.
480 2063 569 2123 Tanto
589 2074 682 2123 autern
701 2081 797 2124 amore
815 2066 899 2123 etiarn
913 2063 988 2140 apud
1005 2062 1073 2129 bar·

154 2145 238 2204 baros
254 2145 316 2221 luit,
328 2156 357 2205 ut
368 2164 465 2224 reges,
478 2146 578 2224 populi
585 2147 703 2207 Romani
714 2149 807 2222 amici,
820 2148 995 2207 inhonorem
1005 2149 1073 2208 sius

155 2227 310 2288 conderent
326 2231 466 2307 civitates,
486 2248 557 2308 quas
569 2228 726 2291 Cacsareas
739 2233 929 2307 nominarent,
953 2233 1029 2291 sicut
1040 2234 1072 2293 in

153 2311 326 2373 Mauretania
344 2332 360 2374 a
377 2333 448 2392 rege
460 2313 539 2391 luba,
559 2323 587 2374 et
599 2317 627 2375 in
638 2314 806 2392 Palaestina,
825 2333 899 2394 quae
910 2333 985 2374 nuno
999 2316 1071 2377 urbs

153 2406 197 2456 est
209 2397 372 2459 clarissima.
394 2399 476 2459 lilulti
488 2407 581 2460 autem
591 2418 679 2478 reges
691 2401 832 2478 exregnis
847 2400 905 2458 suis
915 2408 1070 2478 venerunt,

152 2491 182 2540 nt
199 2482 226 2539 ei
249 2481 491 2561 obsequerentur,
515 2491 543 2542 et
558 2484 654 2544 habitu
671 2482 816 2559 Romano,
838 2484 928 2561 togati
940 2482 1070 2563 scilicet,

152 2563 188 2623 ad
198 2562 358 2623 vehiculum
369 2565 416 2624 vel
433 2585 536 2645 equum
547 2568 639 2644 ipsios
650 2575 843 2627 cucurrerunt.
879 2565 1005 2626 Moriens
1016 2566 1070 2628 Di·

151 2664 204 2705 vus
218 2647 378 2725 appellatus
398 2657 452 2708 est.
488 2649 560 2709 Rern
579 2649 721 2727 publicam
742 2652 931 2711 beatissimam
949 2649 1068 2712 Tiberio

84 2767 139 2809 Μ),
152 2734 316 2791 successori
328 2732 452 2811 reliquit,
466 2733 514 2812 qui
523 2736 669 2813 privignus
680 2736 719 2810 ei,
732 2751 903 2813 morgener,
917 2743 1068 2812 postremo

84 2836 132 2879 raa.
152 2814 305 2893 adoptione
317 2816 390 2877 lilius
401 2817 503 2877 luerat.
968 2887 973 2898 .

99 2928 124 2971 p,
217 2899 303 2959 Cau.
315 2899 366 2960 xl.
384 2900 464 2981 (Vl.)
488 2901 618 2964 Tiberius
635 2903 743 2979 ingenti
762 2903 894 2965 socordia
915 2904 1068 2981 imperium
1112 2954 1115 2960 .

85 2996 141 3039 cnr.
153 2983 254 3059 gessit,
270 2985 350 3059 gravi
367 2984 544 3061 crudelitate,
567 2985 691 3046 scelesta
703 2988 828 3063 avaritia,
849 2989 923 3065 turpi
936 2987 1066 3051 libidine.

98 3065 130 3108 ¹⁴·
152 3063 223 3125 Nam
238 3084 376 3144 nusquam
386 3070 606 3148 ipsepugnavit.
633 3068 777 3148 bellapor
787 3069 899 3148 legatos
911 3086 979 3131 suos
994 3090 1064 3150 ges·

152 3151 198 3210 sit.
234 3148 378 3222 Quosdam
396 3171 483 3231 reges
500 3171 552 3231 per
566 3152 715 3213 blanditias
735 3153 817 3214 adse
836 3164 973 3216 evocatos
994 3175 1065 3217 nun·

152 3251 234 3313 quam
251 3235 374 3311 remisit,
400 3237 541 3316 inquibus
556 3236 725 3297 Archelaum
737 3235 955 3317 Cappadocem,
982 3241 1065 3300 cuius

152 3319 236 3376 etiarn
253 3336 371 3396 regnum
388 3321 415 3379 in
435 3322 600 3398 provinciae
617 3321 734 3381 formam
752 3322 864 3401 redegit
877 3333 905 3383 et
915 3325 1067 3384 maximam

138 3401 286 3460 orbitatem
306 3403 449 3483 appellari
469 3407 585 3467 nornine
602 3423 656 3466 suo
669 3407 767 3483 iussit,
784 3425 859 3484 uuae
870 3425 946 3467 nunc
956 3405 1065 3470 Gaesa-
