2318 3818
150 211 193 274 34
498 217 720 275 ootaorll

149 380 254 459 picium
269 378 426 456 dimicavit..
451 379 559 440 Primus
571 381 671 440 urbem
681 380 800 440 Romam
816 389 937 441 armatus
953 382 1069 458 ingres·

149 481 199 522 sus
211 470 269 537 est,
295 462 451 540 Sulpicium
469 463 627 540 interfecit,
651 463 768 524 Marium
787 463 910 542 fugavit,
928 473 1016 543 atque
1028 467 1070 526 ita

82 579 140 622 Ν,
149 540 314 606 consulibus
330 546 464 608 ordinatis
485 550 514 607 in
534 547 656 607 futurum
673 565 774 607 annum
785 546 834 608 Gn.
849 547 968 608 Octavio
990 557 1020 609 et
1033 547 1068 610 1..

57 653 58 657 ¹
88 646 135 691 ooo.
150 628 283 690 Cornelio
296 627 382 690 Cinna
393 631 428 690 ad
439 630 536 691 Asiam
546 631 693 708 proiectus
704 639 758 690 est.

212 713 299 775 Gar.
312 713 347 778 V,
377 712 553 774 Mithridates
572 716 662 790 enim,
682 716 730 794 qui
741 711 822 773 Ponti
838 723 963 775 rexerat
977 723 1068 793 atque

147 795 306 857 Armeniam
318 800 456 857 minorem
466 806 494 856 et
504 796 744 857 totumPonticum
751 815 828 857 mare
836 800 865 856 in
874 800 993 857 circuitu
1001 815 1069 858 curn

146 880 278 963 Bosporo
294 881 423 956 tenebat,
447 882 539 958 primo
551 879 737 957 Nicomeden,
757 883 876 941 amicum
890 881 990 960 populi
1005 881 1068 942 Ro·

147 967 231 1040 mani,
244 963 374 1040 Bithynia
387 964 477 1024 voluit
488 963 646 1041 expellere,
659 966 827 1043 sehatuique
838 965 988 1040 mandavit,
1002 965 1067 1025 hel·

147 1048 205 1107 lum
218 1065 250 1105 se
262 1048 288 1105 ei
301 1056 419 1124 propter
430 1049 558 1122 iniurias,
578 1066 649 1125 quas
667 1065 769 1125 passus
786 1047 894 1125 iuerat,
912 1048 1067 1109 illaturum.

147 1130 174 1190 A
186 1138 284 1189 senatu
294 1147 464 1207 responsum
476 1140 520 1190 est
527 1130 690 1208 Mithridati,
703 1133 728 1190 si
739 1131 767 1190 id
778 1131 898 1208 iaceret,
911 1131 989 1210 quod
1001 1133 1067 1192 bel·

147 1213 204 1272 lum
216 1231 232 1271 a
243 1211 377 1272 Romanis
396 1223 424 1272 et
440 1216 504 1291 ipse
520 1223 672 1292 pateretur.
701 1213 795 1286 Quare
813 1217 899 1274 iratus
911 1214 1067 1294 Cappado-

148 1298 220 1356 ciam
240 1298 332 1355 statim
347 1300 498 1376 occupavit
518 1307 546 1357 et
564 1317 600 1358 ex
620 1316 654 1358 ea
668 1298 895 1375 Ariobarzanen,
918 1317 1018 1377 regern
1037 1309 1068 1359 et

147 1382 267 1440 amicum
286 1380 386 1459 populi
401 1380 537 1458 Romani,
566 1383 683 1460 fugavit.
715 1381 783 1442 Mox
803 1385 886 1443 etiam
904 1382 1068 1458 Bithyniam

146 1465 249 1523 invasit
261 1473 289 1522 et
300 1460 516 1543 Paphlagoniam
530 1467 619 1544 pulsis
627 1485 663 1526 ex
670 1484 704 1526 ea
714 1467 842 1543 regibus,
855 1469 953 1526 amicis
962 1468 1069 1545 populi

146 1546 277 1620 Romani,
291 1546 461 1621 Pylaemene
474 1557 502 1607 et
513 1548 680 1610 Nicomede.
706 1548 774 1607 lnde
785 1549 933 1626 Ephesum
945 1559 1068 1610 conten·

147 1629 187 1688 dit
207 1637 235 1687 et
252 1644 305 1704 per
323 1645 434 1688 omnem
446 1629 542 1689 Asiam
557 1631 654 1689 literas
665 1632 756 1705 misit,
775 1641 821 1705 ut,
841 1631 1006 1710 ubicunque
1022 1634 1066 1694 ln·

145 1713 222 1773 venti
241 1714 428 1772 essentcives
442 1712 640 1789 Romaniano
653 1712 699 1772 die
715 1713 923 1773 occiderentur.

210 1797 294 1858 Gar.
317 1796 367 1858 Vl.
390 1795 502 1857 Interea
514 1799 597 1856 etiam
608 1796 748 1873 Athenae,
762 1797 1011 1875 civitasAchaiae,
1029 1803 1066 1862 ab

145 1880 289 1942 Aristione
307 1882 473 1942 Atheniensi
490 1880 642 1941 Mithridati
659 1880 759 1940 tradita
771 1890 824 1941 est.
838 1929 841 1935 .
854 1881 971 1942 Miserat
988 1886 1066 1945 onim

145 1967 200 2025 iarn
211 1965 247 2025 ad
255 1965 389 2026 Achaiam
399 1965 575 2025 Mithridates
584 1964 764 2040 Archelaum,
779 1965 880 2024 ducem
892 1985 984 2042 suum,
998 1985 1066 2028 cum

146 2056 257 2107 centum
273 2057 301 2107 et
317 2051 417 2125 viginti
433 2049 546 2107 milibus
559 2050 685 2127 equiturn
700 2066 733 2107 ac
749 2048 890 2126 peditum,
912 2068 1065 2128 perquem

146 2133 230 2190 etiarn
246 2130 355 2209 reliqua
371 2129 490 2191 Graecia
508 2140 648 2209 occupata
666 2141 720 2191 est.
754 2131 834 2213 (IV.)
856 2133 934 2193 Sulla
952 2133 1064 2194 Arche-

144 2213 220 2274 laum
235 2214 309 2291 apud
316 2213 454 2290 Piraeum,
467 2231 524 2274 non
535 2213 621 2292 longe
633 2215 667 2274 ab
677 2215 806 2292 Athenis,
821 2217 943 2293 obsedit,
957 2220 1064 2294 ipsam·

146 2315 202 2377 qus
214 2298 311 2357 urbem
323 2301 409 2376 cepit.
440 2297 543 2358 Postea
556 2301 707 2358 commisso
719 2299 832 2378 proelio
845 2310 942 2361 contra
952 2301 1063 2362 Archo·

144 2382 219 2442 laum
230 2385 268 2441 ita
280 2401 344 2441 eum
354 2384 437 2457 vicit,
458 2391 488 2441 ut
499 2401 536 2443 ex
547 2403 603 2444 cxx
614 2381 726 2442 milibus
740 2386 789 2443 vix
806 2384 906 2443 decern
916 2384 1063 2446 Archelao

145 2474 340 2542 superessent,
358 2485 394 2525 ex
406 2466 501 2525 Sullae
514 2469 640 2527 exercitu
651 2487 701 2526 xrv
712 2476 817 2527 tantum
829 2469 957 2528 hominos
975 2471 1062 2529 inter·

145 2547 306 2607 licerentur.
332 2547 392 2607 Hac
409 2567 503 2626 pugna
516 2549 692 2609 Mithridates
709 2553 824 2627 cognita
846 2571 902 2612 nvn
922 2551 999 2612 milia
1018 2551 1062 2612 le·

145 2630 270 2692 ctissima
282 2650 319 2691 ex
329 2632 398 2691 Asia
405 2631 547 2692 Archelao
559 2634 644 2707 misit,
663 2643 760 2693 contra
772 2653 858 2713 quem
869 2634 947 2696 Sulla
958 2637 1063 2696 iterum

145 2717 294 2776 commisit.
323 2715 416 2776 Primo
428 2716 539 2794 proelio
551 2734 590 2775 xv
599 2716 675 2776 milia
686 2717 808 2777 hostiurn
823 2720 972 2779 interiecta
984 2730 1062 2796 sunt,

145 2799 276 2878 illiusque
287 2799 420 2860 Archelai
433 2799 590 2878 Diogenes.
622 2801 754 2861 Secundo
774 2817 872 2862 ornnes
891 2801 1062 2866 Mithridatis

145 2884 247 2959 copiae
266 2886 422 2945 exstinctae
445 2892 527 2960 sunt,
549 2884 707 2945 Archelaus
728 2888 793 2964 ipse
814 2886 907 2947 triduo
923 2886 1015 2947 nudus
1032 2890 1063 2949 in

143 2964 293 3043 paludibus
312 2966 400 3032 latuit.
428 2967 489 3029 Hac
502 2985 534 3028 re
552 2967 646 3028 audita
657 2967 832 3030 Mithridates
850 2988 914 3030 cum
926 2970 1005 3030 Sulla
1024 2972 1064 3034 de

143 3063 217 3128 pace
228 3052 275 3128 agi
286 3053 377 3111 iussit.
1013 3114 1024 3127 ,

214 3133 301 3195 Gar.
312 3132 376 3198 Vll.
399 3134 514 3196 lnterim
526 3153 562 3197 eo
573 3144 702 3214 tempore
715 3137 792 3198 Sulla
804 3139 888 3198 etiam
899 3137 1062 3216 Dardanos,

146 3217 333 3295 Scordiscos,
352 3218 495 3279 Dalmatas
518 3229 547 3279 et
567 3219 685 3280 Maedos
709 3223 809 3299 partim
825 3224 910 3297 vicit,
937 3221 1010 3282 alios
1033 3225 1064 3284 in

146 3301 230 3362 lldem
241 3305 363 3381 accepit.
394 3303 452 3363 Sed
464 3321 527 3362 cum
537 3304 625 3382 legati
637 3323 654 3365 a
664 3323 735 3383 rege
746 3303 923 3382 Mithridate,
947 3308 996 3385 qui
1010 3323 1063 3385 pa·

147 3399 210 3444 cem
224 3388 370 3465 petebant,
387 3390 545 3465 venissent,
557 3406 613 3449 non
624 3389 707 3450 aliter
717 3408 750 3449 se
761 3389 888 3450 daturum
899 3389 978 3451 Sulla
989 3407 1063 3452 osse
