<?xml version="1.0" encoding="UTF-8"?>
<!DOCTYPE html PUBLIC "-//W3C//DTD XHTML 1.0 Transitional//EN"
    "http://www.w3.org/TR/xhtml1/DTD/xhtml1-transitional.dtd">
<html xmlns="http://www.w3.org/1999/xhtml" xml:lang="en" lang="en">
 <head>
  <title>
</title>
<meta http-equiv="Content-Type" content="text/html;charset=utf-8" />
  <meta name='ocr-system' content='tesseract 3.04.00' />
  <meta name='ocr-capabilities' content='ocr_page ocr_carea ocr_par ocr_line ocrx_word'/>
</head>
<body>
  <div class='ocr_page' id='page_1' title='image "./eutropiibreviar00crugoog_0072.png"; bbox 0 0 2318 3818; ppageno 0'>
   <div class='ocr_carea' id='block_1_1' title="bbox 442 171 1116 266">
    <p class='ocr_par' dir='ltr' id='par_1_1' title="bbox 442 171 1116 266">
     <span class='ocr_line' id='line_1_1' title="bbox 442 171 1116 266; baseline 0.006 -4"><span class='ocrx_word' id='word_1_1' title='bbox 442 171 714 264; x_wconf 72' lang='lat' dir='ltr'><strong>nroon&#39;vun&#39;</strong></span> <span class='ocrx_word' id='word_1_2' title='bbox 828 224 833 237; x_wconf 87' lang='lat'><em>·</em></span> <span class='ocrx_word' id='word_1_3' title='bbox 969 201 1012 266; x_wconf 80' lang='lat'><strong>59</strong></span> <span class='ocrx_word' id='word_1_4' title='bbox 1105 219 1116 260; x_wconf 50' lang='grc' dir='ltr'><strong>κν</strong></span> 
     </span>
    </p>
   </div>
   <div class='ocr_carea' id='block_1_2' title="bbox 89 369 1119 3471">
    <p class='ocr_par' dir='ltr' id='par_1_2' title="bbox 99 369 1011 535">
     <span class='ocr_line' id='line_1_2' title="bbox 99 369 1011 453; baseline 0 -20"><span class='ocrx_word' id='word_1_5' title='bbox 99 374 297 453; x_wconf 81' lang='lat' dir='ltr'><strong>‹premaxima</strong></span> <span class='ocrx_word' id='word_1_6' title='bbox 316 371 458 432; x_wconf 89' lang='lat' dir='ltr'><strong>bominum</strong></span> <span class='ocrx_word' id='word_1_7' title='bbox 476 370 558 448; x_wconf 86' lang='lat' dir='ltr'><strong>pars,</strong></span> <span class='ocrx_word' id='word_1_8' title='bbox 579 369 696 430; x_wconf 91' lang='lat' dir='ltr'><strong>militum</strong></span> <span class='ocrx_word' id='word_1_9' title='bbox 715 387 814 430; x_wconf 93' lang='lat' dir='ltr'><strong>omnes</strong></span> <span class='ocrx_word' id='word_1_10' title='bbox 831 370 894 431; x_wconf 90' lang='lat' dir='ltr'><strong>fere</strong></span> <span class='ocrx_word' id='word_1_11' title='bbox 906 373 1011 450; x_wconf 87' lang='lat' dir='ltr'><strong>copiae</strong></span> 
     </span>
     <span class='ocr_line' id='line_1_3' title="bbox 99 455 419 535; baseline -0.019 -15"><span class='ocrx_word' id='word_1_12' title='bbox 99 463 236 535; x_wconf 74' lang='lat' dir='ltr'><strong>languore</strong></span> <span class='ocrx_word' id='word_1_13' title='bbox 251 455 419 516; x_wconf 73' lang='lat' dir='ltr'><strong>defecerint.</strong></span> 
     </span>
    </p>

    <p class='ocr_par' dir='ltr' id='par_1_3' title="bbox 163 536 1069 617">
     <span class='ocr_line' id='line_1_4' title="bbox 163 536 1069 617; baseline -0.001 -15"><span class='ocrx_word' id='word_1_14' title='bbox 163 542 247 605; x_wconf 80' lang='lat' dir='ltr'><strong>(iar.</strong></span> <span class='ocrx_word' id='word_1_15' title='bbox 262 539 342 600; x_wconf 89' lang='lat' dir='ltr'><strong>Xlll.</strong></span> <span class='ocrx_word' id='word_1_16' title='bbox 363 538 476 617; x_wconf 78' lang='lat' dir='ltr'><strong>Ingenti</strong></span> <span class='ocrx_word' id='word_1_17' title='bbox 489 555 560 616; x_wconf 73' lang='lat' dir='ltr'><strong>ergo</strong></span> <span class='ocrx_word' id='word_1_18' title='bbox 575 536 673 597; x_wconf 86' lang='lat' dir='ltr'><strong>labore</strong></span> <span class='ocrx_word' id='word_1_19' title='bbox 689 547 717 597; x_wconf 90' lang='lat' dir='ltr'><strong>et</strong></span> <span class='ocrx_word' id='word_1_20' title='bbox 727 537 934 617; x_wconf 78' lang='lat' dir='ltr'>moderatione,</span> <span class='ocrx_word' id='word_1_21' title='bbox 947 558 1011 601; x_wconf 90' lang='lat' dir='ltr'><strong>cum</strong></span> <span class='ocrx_word' id='word_1_22' title='bbox 1068 578 1069 582; x_wconf 61' lang='lat'><em>=</em></span> 
     </span>
    </p>

    <p class='ocr_par' dir='ltr' id='par_1_4' title="bbox 92 623 1119 1874">
     <span class='ocr_line' id='line_1_5' title="bbox 98 623 1119 703; baseline 0 -18"><span class='ocrx_word' id='word_1_23' title='bbox 98 625 173 703; x_wconf 91' lang='lat' dir='ltr'><strong>apud</strong></span> <span class='ocrx_word' id='word_1_24' title='bbox 185 623 353 685; x_wconf 80' lang='lat' dir='ltr'><strong>Carnuntum</strong></span> <span class='ocrx_word' id='word_1_25' title='bbox 364 625 424 701; x_wconf 83' lang='lat' dir='ltr'><strong>iugi</strong></span> <span class='ocrx_word' id='word_1_26' title='bbox 438 623 559 682; x_wconf 92' lang='lat' dir='ltr'><strong>triennio</strong></span> <span class='ocrx_word' id='word_1_27' title='bbox 573 631 797 700; x_wconf 86' lang='lat' dir='ltr'><strong>perseverasset,</strong></span> <span class='ocrx_word' id='word_1_28' title='bbox 820 623 927 684; x_wconf 89' lang='lat' dir='ltr'><strong>bellum</strong></span> <span class='ocrx_word' id='word_1_29' title='bbox 937 623 1011 685; x_wconf 88' lang='lat' dir='ltr'><strong>blar-</strong></span> <span class='ocrx_word' id='word_1_30' title='bbox 1116 678 1119 685; x_wconf 89' lang='lat'>.</span> 
     </span>
     <span class='ocr_line' id='line_1_6' title="bbox 98 704 1010 784; baseline -0.001 -15"><span class='ocrx_word' id='word_1_31' title='bbox 98 710 294 769; x_wconf 89' lang='lat' dir='ltr'><strong>comannicum</strong></span> <span class='ocrx_word' id='word_1_32' title='bbox 309 704 443 784; x_wconf 78' lang='lat' dir='ltr'><strong>confecit,</strong></span> <span class='ocrx_word' id='word_1_33' title='bbox 460 705 537 784; x_wconf 88' lang='lat' dir='ltr'><strong>quod</strong></span> <span class='ocrx_word' id='word_1_34' title='bbox 547 723 612 770; x_wconf 88' lang='lat' dir='ltr'><strong>cum</strong></span> <span class='ocrx_word' id='word_1_35' title='bbox 622 706 666 765; x_wconf 89' lang='lat' dir='ltr'><strong>bis</strong></span> <span class='ocrx_word' id='word_1_36' title='bbox 679 705 781 781; x_wconf 81' lang='lat' dir='ltr'>Quadi,</span> <span class='ocrx_word' id='word_1_37' title='bbox 796 706 925 784; x_wconf 82' lang='lat' dir='ltr'><strong>Vandali,</strong></span> <span class='ocrx_word' id='word_1_38' title='bbox 945 709 1010 768; x_wconf 90' lang='lat' dir='ltr'><strong>Sar·</strong></span> 
     </span>
     <span class='ocr_line' id='line_1_7' title="bbox 97 788 1012 869; baseline -0.001 -16"><span class='ocrx_word' id='word_1_39' title='bbox 97 802 206 868; x_wconf 84' lang='lat' dir='ltr'><strong>motae,</strong></span> <span class='ocrx_word' id='word_1_40' title='bbox 229 792 317 852; x_wconf 89' lang='lat' dir='ltr'><strong>Snevi</strong></span> <span class='ocrx_word' id='word_1_41' title='bbox 334 799 419 869; x_wconf 87' lang='lat' dir='ltr'><strong>atque</strong></span> <span class='ocrx_word' id='word_1_42' title='bbox 436 791 526 849; x_wconf 92' lang='lat' dir='ltr'><strong>omnis</strong></span> <span class='ocrx_word' id='word_1_43' title='bbox 547 788 674 850; x_wconf 90' lang='lat' dir='ltr'><strong>barbaria</strong></span> <span class='ocrx_word' id='word_1_44' title='bbox 692 801 898 868; x_wconf 83' lang='lat' dir='ltr'><strong>commoverat,</strong></span> <span class='ocrx_word' id='word_1_45' title='bbox 925 791 1012 852; x_wconf 91' lang='lat' dir='ltr'><strong>multa</strong></span> 
     </span>
     <span class='ocr_line' id='line_1_8' title="bbox 96 872 1010 950; baseline 0 -14"><span class='ocrx_word' id='word_1_46' title='bbox 96 878 239 937; x_wconf 89' lang='lat' dir='ltr'><strong>bominum</strong></span> <span class='ocrx_word' id='word_1_47' title='bbox 254 875 329 934; x_wconf 91' lang='lat' dir='ltr'><strong>milia</strong></span> <span class='ocrx_word' id='word_1_48' title='bbox 351 875 509 950; x_wconf 78' lang='lat' dir='ltr'><strong>interfecit,</strong></span> <span class='ocrx_word' id='word_1_49' title='bbox 535 892 569 934; x_wconf 88' lang='lat' dir='ltr'><strong>ac</strong></span> <span class='ocrx_word' id='word_1_50' title='bbox 583 872 733 934; x_wconf 83' lang='lat' dir='ltr'><strong>Pannoniis</strong></span> <span class='ocrx_word' id='word_1_51' title='bbox 749 876 867 935; x_wconf 87' lang='lat' dir='ltr'><strong>servitio</strong></span> <span class='ocrx_word' id='word_1_52' title='bbox 884 874 1010 936; x_wconf 89' lang='lat' dir='ltr'><strong>liberatis</strong></span> 
     </span>
     <span class='ocr_line' id='line_1_9' title="bbox 96 956 1010 1037; baseline -0.001 -17"><span class='ocrx_word' id='word_1_53' title='bbox 96 959 377 1020; x_wconf 87' lang='lat' dir='ltr'><strong>Romaemrsoscum</strong></span> <span class='ocrx_word' id='word_1_54' title='bbox 384 956 699 1034; x_wconf 83' lang='lat' dir='ltr'><strong>CommodoAntonino,</strong></span> <span class='ocrx_word' id='word_1_55' title='bbox 712 957 770 1018; x_wconf 89' lang='lat' dir='ltr'><strong>lilio</strong></span> <span class='ocrx_word' id='word_1_56' title='bbox 782 975 846 1034; x_wconf 87' lang='lat' dir='ltr'><strong>suo,</strong></span> <span class='ocrx_word' id='word_1_57' title='bbox 859 978 944 1037; x_wconf 89' lang='lat' dir='ltr'><strong>quem</strong></span> <span class='ocrx_word' id='word_1_58' title='bbox 955 961 1010 1019; x_wconf 89' lang='lat' dir='ltr'><strong>iam</strong></span> 
     </span>
     <span class='ocr_line' id='line_1_10' title="bbox 97 1024 1008 1121; baseline -0.001 -17"><span class='ocrx_word' id='word_1_59' title='bbox 97 1043 248 1104; x_wconf 85' lang='lat' dir='ltr'><strong>Gaesarem</strong></span> <span class='ocrx_word' id='word_1_60' title='bbox 259 1024 379 1119; x_wconf 73' lang='lat' dir='ltr'><strong>fecerat,</strong></span> <span class='ocrx_word' id='word_1_61' title='bbox 396 1043 585 1121; x_wconf 85' lang='lat' dir='ltr'><strong>triumphavit.</strong></span> <span class='ocrx_word' id='word_1_62' title='bbox 607 1041 919 1103; x_wconf 80' lang='lat' dir='ltr'><strong>Adbuiusbellinsum</strong></span> <span class='ocrx_word' id='word_1_63' title='bbox 930 1060 1008 1103; x_wconf 89' lang='lat' dir='ltr'><strong>aera·</strong></span> 
     </span>
     <span class='ocr_line' id='line_1_11' title="bbox 95 1125 1007 1205; baseline -0.002 -17"><span class='ocrx_word' id='word_1_64' title='bbox 95 1130 138 1188; x_wconf 91' lang='lat' dir='ltr'><strong>rio</strong></span> <span class='ocrx_word' id='word_1_65' title='bbox 151 1128 287 1187; x_wconf 89' lang='lat' dir='ltr'><strong>exhausto</strong></span> <span class='ocrx_word' id='word_1_66' title='bbox 300 1145 363 1186; x_wconf 92' lang='lat' dir='ltr'><strong>cum</strong></span> <span class='ocrx_word' id='word_1_67' title='bbox 373 1126 537 1204; x_wconf 81' lang='lat' dir='ltr'><strong>largitiones</strong></span> <span class='ocrx_word' id='word_1_68' title='bbox 548 1125 640 1185; x_wconf 90' lang='lat' dir='ltr'><strong>nullas</strong></span> <span class='ocrx_word' id='word_1_69' title='bbox 651 1127 769 1186; x_wconf 90' lang='lat' dir='ltr'><strong>haberet</strong></span> <span class='ocrx_word' id='word_1_70' title='bbox 779 1145 873 1205; x_wconf 89' lang='lat' dir='ltr'><strong>neque</strong></span> <span class='ocrx_word' id='word_1_71' title='bbox 881 1127 1007 1187; x_wconf 88' lang='lat' dir='ltr'><strong>indicere</strong></span> 
     </span>
     <span class='ocr_line' id='line_1_12' title="bbox 96 1209 1007 1289; baseline -0.003 -17"><span class='ocrx_word' id='word_1_72' title='bbox 96 1211 317 1289; x_wconf 82' lang='lat' dir='ltr'><strong>provincialibus</strong></span> <span class='ocrx_word' id='word_1_73' title='bbox 328 1218 375 1270; x_wconf 91' lang='lat' dir='ltr'><strong>aut</strong></span> <span class='ocrx_word' id='word_1_74' title='bbox 386 1213 495 1283; x_wconf 90' lang='lat' dir='ltr'><strong>senatui</strong></span> <span class='ocrx_word' id='word_1_75' title='bbox 508 1209 614 1289; x_wconf 89' lang='lat' dir='ltr'><strong>aliquid</strong></span> <span class='ocrx_word' id='word_1_76' title='bbox 623 1209 723 1286; x_wconf 88' lang='lat' dir='ltr'><strong>vellet,</strong></span> <span class='ocrx_word' id='word_1_77' title='bbox 738 1212 950 1271; x_wconf 86' lang='lat' dir='ltr'><strong>instrumentum</strong></span> <span class='ocrx_word' id='word_1_78' title='bbox 962 1230 1007 1270; x_wconf 89' lang='lat' dir='ltr'><strong>re-</strong></span> 
     </span>
     <span class='ocr_line' id='line_1_13' title="bbox 92 1293 1008 1374; baseline -0.002 -18"><span class='ocrx_word' id='word_1_79' title='bbox 92 1298 134 1374; x_wconf 81' lang='lat' dir='ltr'><strong>gii</strong></span> <span class='ocrx_word' id='word_1_80' title='bbox 146 1293 238 1356; x_wconf 91' lang='lat' dir='ltr'><strong>cultus</strong></span> <span class='ocrx_word' id='word_1_81' title='bbox 250 1296 324 1355; x_wconf 89' lang='lat' dir='ltr'><strong>facta</strong></span> <span class='ocrx_word' id='word_1_82' title='bbox 335 1297 363 1355; x_wconf 92' lang='lat' dir='ltr'><strong>in</strong></span> <span class='ocrx_word' id='word_1_83' title='bbox 377 1295 441 1355; x_wconf 90' lang='lat' dir='ltr'><strong>foro</strong></span> <span class='ocrx_word' id='word_1_84' title='bbox 452 1295 518 1354; x_wconf 86' lang='lat' dir='ltr'><strong>Divi</strong></span> <span class='ocrx_word' id='word_1_85' title='bbox 529 1293 638 1355; x_wconf 83' lang='lat' dir='ltr'><strong>Traiani</strong></span> <span class='ocrx_word' id='word_1_86' title='bbox 650 1297 778 1354; x_wconf 88' lang='lat' dir='ltr'><strong>sectione</strong></span> <span class='ocrx_word' id='word_1_87' title='bbox 790 1294 927 1371; x_wconf 82' lang='lat' dir='ltr'><strong>distraxit,</strong></span> <span class='ocrx_word' id='word_1_88' title='bbox 940 1312 1008 1355; x_wconf 87' lang='lat' dir='ltr'><strong>vasa</strong></span> 
     </span>
     <span class='ocr_line' id='line_1_14' title="bbox 94 1372 1007 1457; baseline -0.001 -18"><span class='ocrx_word' id='word_1_89' title='bbox 94 1397 196 1455; x_wconf 86' lang='lat' dir='ltr'><strong>aurea,</strong></span> <span class='ocrx_word' id='word_1_90' title='bbox 221 1377 324 1457; x_wconf 93' lang='lat' dir='ltr'><strong>pocula</strong></span> <span class='ocrx_word' id='word_1_91' title='bbox 343 1372 505 1454; x_wconf 77' lang='lat' dir='ltr'><strong>crp‘stallina</strong></span> <span class='ocrx_word' id='word_1_92' title='bbox 521 1386 550 1437; x_wconf 90' lang='lat' dir='ltr'><strong>et</strong></span> <span class='ocrx_word' id='word_1_93' title='bbox 562 1379 718 1454; x_wconf 85' lang='lat' dir='ltr'><strong>murrhina,</strong></span> <span class='ocrx_word' id='word_1_94' title='bbox 741 1380 869 1438; x_wconf 85' lang='lat' dir='ltr'><strong>uxoriam</strong></span> <span class='ocrx_word' id='word_1_95' title='bbox 883 1396 918 1437; x_wconf 90' lang='lat' dir='ltr'><strong>ac</strong></span> <span class='ocrx_word' id='word_1_96' title='bbox 929 1396 1007 1438; x_wconf 90' lang='lat' dir='ltr'><strong>suam</strong></span> 
     </span>
     <span class='ocr_line' id='line_1_15' title="bbox 95 1460 1006 1540; baseline -0.001 -18"><span class='ocrx_word' id='word_1_97' title='bbox 95 1464 216 1523; x_wconf 90' lang='lat' dir='ltr'><strong>sericam</strong></span> <span class='ocrx_word' id='word_1_98' title='bbox 231 1472 260 1522; x_wconf 91' lang='lat' dir='ltr'><strong>et</strong></span> <span class='ocrx_word' id='word_1_99' title='bbox 270 1480 383 1522; x_wconf 90' lang='lat' dir='ltr'><strong>auream</strong></span> <span class='ocrx_word' id='word_1_100' title='bbox 398 1469 523 1536; x_wconf 85' lang='lat' dir='ltr'><strong>vestem,</strong></span> <span class='ocrx_word' id='word_1_101' title='bbox 546 1460 632 1521; x_wconf 89' lang='lat' dir='ltr'><strong>multa</strong></span> <span class='ocrx_word' id='word_1_102' title='bbox 647 1471 808 1521; x_wconf 86' lang='lat' dir='ltr'><strong>ornamenta</strong></span> <span class='ocrx_word' id='word_1_103' title='bbox 825 1480 1006 1540; x_wconf 81' lang='lat' dir='ltr'><strong>gemmarum.</strong></span> 
     </span>
     <span class='ocr_line' id='line_1_16' title="bbox 94 1545 1006 1625; baseline -0.001 -20"><span class='ocrx_word' id='word_1_104' title='bbox 94 1546 138 1606; x_wconf 81' lang='lat' dir='ltr'><strong>Ao</strong></span> <span class='ocrx_word' id='word_1_105' title='bbox 150 1563 203 1625; x_wconf 91' lang='lat' dir='ltr'><strong>per</strong></span> <span class='ocrx_word' id='word_1_106' title='bbox 216 1546 288 1606; x_wconf 90' lang='lat' dir='ltr'><strong>duos</strong></span> <span class='ocrx_word' id='word_1_107' title='bbox 300 1547 449 1606; x_wconf 91' lang='lat' dir='ltr'><strong>continuos</strong></span> <span class='ocrx_word' id='word_1_108' title='bbox 460 1562 573 1604; x_wconf 88' lang='lat' dir='ltr'><strong>menses</strong></span> <span class='ocrx_word' id='word_1_109' title='bbox 588 1563 622 1604; x_wconf 89' lang='lat' dir='ltr'><strong>ea</strong></span> <span class='ocrx_word' id='word_1_110' title='bbox 630 1545 757 1610; x_wconf 79' lang='lat' dir='ltr'><strong>nendtio</strong></span> <span class='ocrx_word' id='word_1_111' title='bbox 768 1545 862 1605; x_wconf 89' lang='lat' dir='ltr'><strong>habita</strong></span> <span class='ocrx_word' id='word_1_112' title='bbox 878 1555 924 1606; x_wconf 92' lang='lat' dir='ltr'><strong>est</strong></span> <span class='ocrx_word' id='word_1_113' title='bbox 937 1545 1006 1605; x_wconf 93' lang='lat' dir='ltr'><strong>mul·</strong></span> 
     </span>
     <span class='ocr_line' id='line_1_17' title="bbox 93 1627 1007 1708; baseline 0 -18"><span class='ocrx_word' id='word_1_114' title='bbox 93 1639 209 1708; x_wconf 87' lang='lat' dir='ltr'><strong>tumque</strong></span> <span class='ocrx_word' id='word_1_115' title='bbox 224 1632 282 1706; x_wconf 85' lang='lat' dir='ltr'><strong>airri</strong></span> <span class='ocrx_word' id='word_1_116' title='bbox 294 1629 448 1690; x_wconf 83' lang='lat' dir='ltr'><strong>redactum.</strong></span> <span class='ocrx_word' id='word_1_117' title='bbox 479 1627 548 1691; x_wconf 90' lang='lat' dir='ltr'><strong>Post</strong></span> <span class='ocrx_word' id='word_1_118' title='bbox 562 1631 709 1689; x_wconf 89' lang='lat' dir='ltr'><strong>victoriam</strong></span> <span class='ocrx_word' id='word_1_119' title='bbox 725 1638 818 1689; x_wconf 86' lang='lat' dir='ltr'><strong>tamon</strong></span> <span class='ocrx_word' id='word_1_120' title='bbox 831 1630 1007 1708; x_wconf 87' lang='lat' dir='ltr'><strong>emptoribus</strong></span> 
     </span>
     <span class='ocr_line' id='line_1_18' title="bbox 94 1713 1008 1792; baseline 0.001 -19"><span class='ocrx_word' id='word_1_121' title='bbox 94 1717 186 1792; x_wconf 79' lang='lat' dir='ltr'><strong>pretia</strong></span> <span class='ocrx_word' id='word_1_122' title='bbox 201 1716 333 1791; x_wconf 90' lang='lat' dir='ltr'><strong>restituit,</strong></span> <span class='ocrx_word' id='word_1_123' title='bbox 353 1715 401 1791; x_wconf 87' lang='lat' dir='ltr'><strong>qui</strong></span> <span class='ocrx_word' id='word_1_124' title='bbox 415 1713 537 1773; x_wconf 80' lang='lat' dir='ltr'><strong>reddere</strong></span> <span class='ocrx_word' id='word_1_125' title='bbox 554 1723 714 1792; x_wconf 86' lang='lat' dir='ltr'><strong>comparata</strong></span> <span class='ocrx_word' id='word_1_126' title='bbox 724 1713 884 1780; x_wconf 81' lang='lat' dir='ltr'><strong>uoluerunt,</strong></span> <span class='ocrx_word' id='word_1_127' title='bbox 916 1713 1008 1774; x_wconf 81' lang='lat' dir='ltr'><strong>bloie-</strong></span> 
     </span>
     <span class='ocr_line' id='line_1_19' title="bbox 93 1796 837 1874; baseline -0.001 -16"><span class='ocrx_word' id='word_1_128' title='bbox 93 1808 154 1858; x_wconf 91' lang='lat' dir='ltr'><strong>stus</strong></span> <span class='ocrx_word' id='word_1_129' title='bbox 165 1797 233 1856; x_wconf 92' lang='lat' dir='ltr'><strong>nulli</strong></span> <span class='ocrx_word' id='word_1_130' title='bbox 245 1798 308 1871; x_wconf 90' lang='lat' dir='ltr'><strong>fnit,</strong></span> <span class='ocrx_word' id='word_1_131' title='bbox 327 1800 374 1874; x_wconf 89' lang='lat' dir='ltr'><strong>qui</strong></span> <span class='ocrx_word' id='word_1_132' title='bbox 385 1796 482 1856; x_wconf 89' lang='lat' dir='ltr'><strong>maluit</strong></span> <span class='ocrx_word' id='word_1_133' title='bbox 494 1796 583 1856; x_wconf 91' lang='lat' dir='ltr'><strong>semel</strong></span> <span class='ocrx_word' id='word_1_134' title='bbox 596 1806 689 1874; x_wconf 90' lang='lat' dir='ltr'><strong>empta</strong></span> <span class='ocrx_word' id='word_1_135' title='bbox 703 1796 837 1857; x_wconf 83' lang='lat' dir='ltr'><strong>retinere.</strong></span> 
     </span>
    </p>

    <p class='ocr_par' dir='ltr' id='par_1_5' title="bbox 90 1879 1074 2444">
     <span class='ocr_line' id='line_1_20' title="bbox 158 1879 1007 1957; baseline 0.002 -17"><span class='ocrx_word' id='word_1_136' title='bbox 158 1881 244 1940; x_wconf 74' lang='lat' dir='ltr'><strong>Gor.</strong></span> <span class='ocrx_word' id='word_1_137' title='bbox 257 1879 333 1939; x_wconf 90' lang='lat' dir='ltr'><strong>XIV.</strong></span> <span class='ocrx_word' id='word_1_138' title='bbox 355 1879 408 1939; x_wconf 86' lang='lat' dir='ltr'><strong>llic</strong></span> <span class='ocrx_word' id='word_1_139' title='bbox 420 1882 548 1957; x_wconf 88' lang='lat' dir='ltr'><strong>permisit</strong></span> <span class='ocrx_word' id='word_1_140' title='bbox 558 1882 627 1939; x_wconf 87' lang='lat' dir='ltr'><strong>viris</strong></span> <span class='ocrx_word' id='word_1_141' title='bbox 644 1880 821 1956; x_wconf 89' lang='lat' dir='ltr'><strong>clarioribus,</strong></span> <span class='ocrx_word' id='word_1_142' title='bbox 834 1890 864 1940; x_wconf 92' lang='lat' dir='ltr'><strong>ut</strong></span> <span class='ocrx_word' id='word_1_143' title='bbox 877 1883 1007 1942; x_wconf 86' lang='lat' dir='ltr'><strong>convivia</strong></span> 
     </span>
     <span class='ocr_line' id='line_1_21' title="bbox 93 1963 1006 2042; baseline -0.001 -17"><span class='ocrx_word' id='word_1_144' title='bbox 93 1966 196 2025; x_wconf 88' lang='lat' dir='ltr'><strong>eodem</strong></span> <span class='ocrx_word' id='word_1_145' title='bbox 211 1964 298 2039; x_wconf 88' lang='lat' dir='ltr'><strong>cultu,</strong></span> <span class='ocrx_word' id='word_1_146' title='bbox 311 1981 367 2042; x_wconf 90' lang='lat' dir='ltr'><strong>quo</strong></span> <span class='ocrx_word' id='word_1_147' title='bbox 379 1967 458 2042; x_wconf 90' lang='lat' dir='ltr'><strong>ipse,</strong></span> <span class='ocrx_word' id='word_1_148' title='bbox 485 1973 514 2023; x_wconf 90' lang='lat' dir='ltr'><strong>et</strong></span> <span class='ocrx_word' id='word_1_149' title='bbox 531 1965 665 2023; x_wconf 88' lang='lat' dir='ltr'><strong>ministris</strong></span> <span class='ocrx_word' id='word_1_150' title='bbox 680 1963 818 2023; x_wconf 89' lang='lat' dir='ltr'><strong>similibus</strong></span> <span class='ocrx_word' id='word_1_151' title='bbox 830 1965 1006 2024; x_wconf 89' lang='lat' dir='ltr'><strong>exhiberent.</strong></span> 
     </span>
     <span class='ocr_line' id='line_1_22' title="bbox 92 2047 1006 2127; baseline -0.003 -16"><span class='ocrx_word' id='word_1_152' title='bbox 92 2047 124 2111; x_wconf 94' lang='lat' dir='ltr'><strong>ln</strong></span> <span class='ocrx_word' id='word_1_153' title='bbox 140 2048 265 2108; x_wconf 89' lang='lat' dir='ltr'><strong>editione</strong></span> <span class='ocrx_word' id='word_1_154' title='bbox 279 2066 422 2108; x_wconf 90' lang='lat' dir='ltr'><strong>munerum</strong></span> <span class='ocrx_word' id='word_1_155' title='bbox 434 2057 500 2127; x_wconf 91' lang='lat' dir='ltr'><strong>post</strong></span> <span class='ocrx_word' id='word_1_156' title='bbox 509 2050 657 2108; x_wconf 89' lang='lat' dir='ltr'><strong>victoriam</strong></span> <span class='ocrx_word' id='word_1_157' title='bbox 673 2048 745 2108; x_wconf 89' lang='lat' dir='ltr'><strong>adeo</strong></span> <span class='ocrx_word' id='word_1_158' title='bbox 757 2048 922 2126; x_wconf 80' lang='lat' dir='ltr'><strong>magnificus</strong></span> <span class='ocrx_word' id='word_1_159' title='bbox 943 2049 1006 2125; x_wconf 83' lang='lat' dir='ltr'><strong>fnit,</strong></span> 
     </span>
     <span class='ocr_line' id='line_1_23' title="bbox 92 2131 1056 2208; baseline 0 -16"><span class='ocrx_word' id='word_1_160' title='bbox 92 2143 123 2192; x_wconf 91' lang='lat' dir='ltr'><strong>ut</strong></span> <span class='ocrx_word' id='word_1_161' title='bbox 140 2141 251 2192; x_wconf 90' lang='lat' dir='ltr'><strong>centum</strong></span> <span class='ocrx_word' id='word_1_162' title='bbox 268 2132 350 2192; x_wconf 90' lang='lat' dir='ltr'><strong>simul</strong></span> <span class='ocrx_word' id='word_1_163' title='bbox 366 2132 466 2193; x_wconf 89' lang='lat' dir='ltr'><strong>leones</strong></span> <span class='ocrx_word' id='word_1_164' title='bbox 483 2132 648 2193; x_wconf 82' lang='lat' dir='ltr'><strong>exhibuisse</strong></span> <span class='ocrx_word' id='word_1_165' title='bbox 663 2132 796 2193; x_wconf 71' lang='lat' dir='ltr'><strong>uadatur.</strong></span> <span class='ocrx_word' id='word_1_166' title='bbox 832 2131 904 2192; x_wconf 76' lang='lat' dir='ltr'><strong>Cum</strong></span> <span class='ocrx_word' id='word_1_167' title='bbox 920 2134 1007 2208; x_wconf 81' lang='lat' dir='ltr'><strong>igitur</strong></span> <span class='ocrx_word' id='word_1_168' title='bbox 1028 2145 1056 2188; x_wconf 76' lang='grc' dir='ltr'><strong>Ρ.</strong></span> 
     </span>
     <span class='ocr_line' id='line_1_24' title="bbox 91 2213 1074 2296; baseline 0 -19"><span class='ocrx_word' id='word_1_169' title='bbox 91 2217 258 2277; x_wconf 84' lang='lat' dir='ltr'><strong>fortunatam</strong></span> <span class='ocrx_word' id='word_1_170' title='bbox 276 2217 489 2296; x_wconf 89' lang='lat' dir='ltr'><strong>rempublicam</strong></span> <span class='ocrx_word' id='word_1_171' title='bbox 503 2219 690 2278; x_wconf 83' lang='lat' dir='ltr'><strong>etvirtutcet</strong></span> <span class='ocrx_word' id='word_1_172' title='bbox 707 2216 920 2277; x_wconf 89' lang='lat' dir='ltr'><strong>mansuetudine</strong></span> <span class='ocrx_word' id='word_1_173' title='bbox 941 2213 1074 2277; x_wconf 61' lang='lat' dir='ltr'><strong>red-⁰³¹·</strong></span> 
     </span>
     <span class='ocr_line' id='line_1_25' title="bbox 90 2283 1070 2379; baseline -0.002 -19"><span class='ocrx_word' id='word_1_174' title='bbox 90 2301 220 2377; x_wconf 86' lang='lat' dir='ltr'><strong>didisset,</strong></span> <span class='ocrx_word' id='word_1_175' title='bbox 240 2301 310 2361; x_wconf 92' lang='lat' dir='ltr'><strong>obiit</strong></span> <span class='ocrx_word' id='word_1_176' title='bbox 325 2313 408 2362; x_wconf 75' lang='lat' dir='ltr'><strong>svin.</strong></span> <span class='ocrx_word' id='word_1_177' title='bbox 420 2303 531 2379; x_wconf 90' lang='lat' dir='ltr'><strong>imperii</strong></span> <span class='ocrx_word' id='word_1_178' title='bbox 543 2318 632 2377; x_wconf 91' lang='lat' dir='ltr'><strong>anno,</strong></span> <span class='ocrx_word' id='word_1_179' title='bbox 652 2302 726 2362; x_wconf 86' lang='lat' dir='ltr'><strong>vitae</strong></span> <span class='ocrx_word' id='word_1_180' title='bbox 737 2321 812 2377; x_wconf 77' lang='lat' dir='ltr'><strong>sxa,</strong></span> <span class='ocrx_word' id='word_1_181' title='bbox 835 2309 865 2359; x_wconf 92' lang='lat' dir='ltr'><strong>et</strong></span> <span class='ocrx_word' id='word_1_182' title='bbox 876 2299 1011 2360; x_wconf 88' lang='lat' dir='ltr'><strong>omnibns</strong></span> <span class='ocrx_word' id='word_1_183' title='bbox 1024 2283 1070 2328; x_wconf 78' lang='lat'><strong>¹⁸⁰·</strong></span> 
     </span>
     <span class='ocr_line' id='line_1_26' title="bbox 92 2383 791 2444; baseline -0.003 0"><span class='ocrx_word' id='word_1_184' title='bbox 92 2386 220 2444; x_wconf 86' lang='lat' dir='ltr'><strong>certatim</strong></span> <span class='ocrx_word' id='word_1_185' title='bbox 231 2384 419 2444; x_wconf 87' lang='lat' dir='ltr'><strong>annitentibus</strong></span> <span class='ocrx_word' id='word_1_186' title='bbox 435 2387 508 2444; x_wconf 89' lang='lat' dir='ltr'><strong>inter</strong></span> <span class='ocrx_word' id='word_1_187' title='bbox 518 2384 609 2444; x_wconf 90' lang='lat' dir='ltr'><strong>Divos</strong></span> <span class='ocrx_word' id='word_1_188' title='bbox 619 2383 726 2444; x_wconf 90' lang='lat' dir='ltr'><strong>relatus</strong></span> <span class='ocrx_word' id='word_1_189' title='bbox 737 2393 791 2442; x_wconf 88' lang='lat' dir='ltr'><strong>est.</strong></span> 
     </span>
    </p>

    <p class='ocr_par' dir='ltr' id='par_1_6' title="bbox 89 2465 1074 3366">
     <span class='ocr_line' id='line_1_27' title="bbox 156 2465 1005 2548; baseline 0 -22"><span class='ocrx_word' id='word_1_190' title='bbox 156 2467 242 2527; x_wconf 74' lang='lat' dir='ltr'><strong>(ier.</strong></span> <span class='ocrx_word' id='word_1_191' title='bbox 254 2466 315 2528; x_wconf 87' lang='lat' dir='ltr'><strong>XV.</strong></span> <span class='ocrx_word' id='word_1_192' title='bbox 332 2466 425 2548; x_wconf 90' lang='lat' dir='ltr'><strong>(Vll.)</strong></span> <span class='ocrx_word' id='word_1_193' title='bbox 448 2468 537 2528; x_wconf 88' lang='lat' dir='ltr'><strong>Huius</strong></span> <span class='ocrx_word' id='word_1_194' title='bbox 553 2484 706 2527; x_wconf 90' lang='lat' dir='ltr'><strong>successor</strong></span> <span class='ocrx_word' id='word_1_195' title='bbox 716 2466 746 2526; x_wconf 86' lang='lat' dir='ltr'><strong>b.</strong></span> <span class='ocrx_word' id='word_1_196' title='bbox 755 2466 913 2526; x_wconf 82' lang='lat' dir='ltr'><strong>Antoninus</strong></span> <span class='ocrx_word' id='word_1_197' title='bbox 921 2465 1005 2527; x_wconf 84' lang='lat' dir='ltr'><strong>Com·</strong></span> 
     </span>
     <span class='ocr_line' id='line_1_28' title="bbox 89 2548 1074 2630; baseline 0.001 -19"><span class='ocrx_word' id='word_1_198' title='bbox 89 2551 191 2611; x_wconf 91' lang='lat' dir='ltr'><strong>modus</strong></span> <span class='ocrx_word' id='word_1_199' title='bbox 205 2550 274 2611; x_wconf 92' lang='lat' dir='ltr'><strong>nibil</strong></span> <span class='ocrx_word' id='word_1_200' title='bbox 287 2560 434 2630; x_wconf 89' lang='lat' dir='ltr'><strong>patemnm</strong></span> <span class='ocrx_word' id='word_1_201' title='bbox 445 2552 557 2629; x_wconf 85' lang='lat' dir='ltr'><strong>babuit,</strong></span> <span class='ocrx_word' id='word_1_202' title='bbox 583 2553 637 2612; x_wconf 87' lang='lat' dir='ltr'><strong>nisi</strong></span> <span class='ocrx_word' id='word_1_203' title='bbox 655 2551 732 2630; x_wconf 86' lang='lat' dir='ltr'><strong>quod</strong></span> <span class='ocrx_word' id='word_1_204' title='bbox 743 2559 840 2611; x_wconf 86' lang='lat' dir='ltr'><strong>contm</strong></span> <span class='ocrx_word' id='word_1_205' title='bbox 851 2549 1006 2612; x_wconf 83' lang='lat' dir='ltr'><strong>Germanos</strong></span> <span class='ocrx_word' id='word_1_206' title='bbox 1072 2548 1074 2552; x_wconf 76' lang='grc'><strong>’</strong></span> 
     </span>
     <span class='ocr_line' id='line_1_29' title="bbox 89 2634 1006 2715; baseline -0.001 -19"><span class='ocrx_word' id='word_1_207' title='bbox 89 2635 213 2697; x_wconf 88' lang='lat' dir='ltr'><strong>feliciter</strong></span> <span class='ocrx_word' id='word_1_208' title='bbox 228 2645 256 2696; x_wconf 89' lang='lat' dir='ltr'><strong>et</strong></span> <span class='ocrx_word' id='word_1_209' title='bbox 269 2636 333 2714; x_wconf 87' lang='lat' dir='ltr'><strong>ipse</strong></span> <span class='ocrx_word' id='word_1_210' title='bbox 349 2639 492 2715; x_wconf 78' lang='lat' dir='ltr'><strong>pugnavit.</strong></span> <span class='ocrx_word' id='word_1_211' title='bbox 512 2636 708 2714; x_wconf 86' lang='lat' dir='ltr'><strong>Septembrem</strong></span> <span class='ocrx_word' id='word_1_212' title='bbox 719 2654 846 2695; x_wconf 83' lang='lat' dir='ltr'><strong>mensem</strong></span> <span class='ocrx_word' id='word_1_213' title='bbox 857 2634 1006 2696; x_wconf 86' lang='lat' dir='ltr'><strong>adnomen</strong></span> 
     </span>
     <span class='ocr_line' id='line_1_30' title="bbox 90 2717 1004 2796; baseline -0.001 -16"><span class='ocrx_word' id='word_1_214' title='bbox 90 2738 172 2780; x_wconf 89' lang='lat' dir='ltr'><strong>suum</strong></span> <span class='ocrx_word' id='word_1_215' title='bbox 193 2720 348 2782; x_wconf 88' lang='lat' dir='ltr'><strong>transferre</strong></span> <span class='ocrx_word' id='word_1_216' title='bbox 375 2730 492 2780; x_wconf 88' lang='lat' dir='ltr'><strong>conatos</strong></span> <span class='ocrx_word' id='word_1_217' title='bbox 514 2730 574 2796; x_wconf 89' lang='lat' dir='ltr'><strong>est,</strong></span> <span class='ocrx_word' id='word_1_218' title='bbox 609 2729 639 2780; x_wconf 89' lang='lat' dir='ltr'><strong>ut</strong></span> <span class='ocrx_word' id='word_1_219' title='bbox 660 2717 832 2779; x_wconf 81' lang='lat' dir='ltr'><strong>Commodus</strong></span> <span class='ocrx_word' id='word_1_220' title='bbox 853 2719 1004 2779; x_wconf 86' lang='lat' dir='ltr'><strong>dicaretur.</strong></span> 
     </span>
     <span class='ocr_line' id='line_1_31' title="bbox 91 2801 1005 2881; baseline 0.001 -19"><span class='ocrx_word' id='word_1_221' title='bbox 91 2803 152 2862; x_wconf 90' lang='lat' dir='ltr'><strong>Sed</strong></span> <span class='ocrx_word' id='word_1_222' title='bbox 169 2804 278 2864; x_wconf 85' lang='lat' dir='ltr'><strong>luxuria</strong></span> <span class='ocrx_word' id='word_1_223' title='bbox 298 2815 327 2864; x_wconf 89' lang='lat' dir='ltr'><strong>et</strong></span> <span class='ocrx_word' id='word_1_224' title='bbox 343 2805 520 2865; x_wconf 88' lang='lat' dir='ltr'><strong>obscenitate</strong></span> <span class='ocrx_word' id='word_1_225' title='bbox 542 2805 710 2881; x_wconf 86' lang='lat' dir='ltr'><strong>depravatus</strong></span> <span class='ocrx_word' id='word_1_226' title='bbox 730 2801 905 2880; x_wconf 79' lang='lat' dir='ltr'><strong>gladiatoriis</strong></span> <span class='ocrx_word' id='word_1_227' title='bbox 920 2805 1005 2863; x_wconf 88' lang='lat' dir='ltr'><strong>armis</strong></span> 
     </span>
     <span class='ocr_line' id='line_1_32' title="bbox 90 2886 1005 2965; baseline 0.002 -20"><span class='ocrx_word' id='word_1_228' title='bbox 90 2887 260 2962; x_wconf 83' lang='lat' dir='ltr'><strong>saepissime</strong></span> <span class='ocrx_word' id='word_1_229' title='bbox 272 2889 301 2945; x_wconf 93' lang='lat' dir='ltr'><strong>in</strong></span> <span class='ocrx_word' id='word_1_230' title='bbox 313 2888 397 2964; x_wconf 86' lang='lat' dir='ltr'><strong>ludo,</strong></span> <span class='ocrx_word' id='word_1_231' title='bbox 421 2887 558 2965; x_wconf 91' lang='lat' dir='ltr'><strong>deinceps</strong></span> <span class='ocrx_word' id='word_1_232' title='bbox 575 2889 659 2946; x_wconf 88' lang='lat' dir='ltr'><strong>etiam</strong></span> <span class='ocrx_word' id='word_1_233' title='bbox 674 2889 702 2946; x_wconf 91' lang='lat' dir='ltr'><strong>in</strong></span> <span class='ocrx_word' id='word_1_234' title='bbox 718 2886 923 2962; x_wconf 86' lang='lat' dir='ltr'><strong>amphitheatro</strong></span> <span class='ocrx_word' id='word_1_235' title='bbox 942 2905 1005 2947; x_wconf 91' lang='lat' dir='ltr'><strong>cum</strong></span> 
     </span>
     <span class='ocr_line' id='line_1_33' title="bbox 90 2968 1056 3051; baseline 0.002 -20"><span class='ocrx_word' id='word_1_236' title='bbox 90 2968 249 3031; x_wconf 86' lang='lat' dir='ltr'><strong>huiusmodi</strong></span> <span class='ocrx_word' id='word_1_237' title='bbox 265 2969 423 3030; x_wconf 87' lang='lat' dir='ltr'><strong>bominibus</strong></span> <span class='ocrx_word' id='word_1_238' title='bbox 436 2971 587 3032; x_wconf 90' lang='lat' dir='ltr'><strong>dimicavit.</strong></span> <span class='ocrx_word' id='word_1_239' title='bbox 609 2969 687 3031; x_wconf 88' lang='lat' dir='ltr'><strong>Obiit</strong></span> <span class='ocrx_word' id='word_1_240' title='bbox 697 2979 789 3029; x_wconf 85' lang='lat' dir='ltr'><strong>morte</strong></span> <span class='ocrx_word' id='word_1_241' title='bbox 803 2970 906 3051; x_wconf 85' lang='lat' dir='ltr'><strong>subita,</strong></span> <span class='ocrx_word' id='word_1_242' title='bbox 919 2979 1005 3050; x_wconf 86' lang='lat' dir='ltr'><strong>atque</strong></span> <span class='ocrx_word' id='word_1_243' title='bbox 1029 2993 1056 3034; x_wconf 81' lang='lat' dir='ltr'><strong>r.</strong></span> 
     </span>
     <span class='ocr_line' id='line_1_34' title="bbox 90 3052 1072 3133; baseline 0.002 -21"><span class='ocrx_word' id='word_1_244' title='bbox 90 3052 179 3129; x_wconf 87' lang='lat' dir='ltr'><strong>adeo,</strong></span> <span class='ocrx_word' id='word_1_245' title='bbox 206 3061 236 3112; x_wconf 90' lang='lat' dir='ltr'><strong>at</strong></span> <span class='ocrx_word' id='word_1_246' title='bbox 251 3052 440 3131; x_wconf 84' lang='lat' dir='ltr'><strong>strangulatus</strong></span> <span class='ocrx_word' id='word_1_247' title='bbox 463 3055 510 3115; x_wconf 87' lang='lat' dir='ltr'><strong>vel</strong></span> <span class='ocrx_word' id='word_1_248' title='bbox 527 3073 638 3116; x_wconf 89' lang='lat' dir='ltr'><strong>veneno</strong></span> <span class='ocrx_word' id='word_1_249' title='bbox 660 3053 826 3114; x_wconf 85' lang='lat' dir='ltr'><strong>interfectus</strong></span> <span class='ocrx_word' id='word_1_250' title='bbox 849 3064 1004 3133; x_wconf 90' lang='lat' dir='ltr'><strong>putaretur,</strong></span> <span class='ocrx_word' id='word_1_251' title='bbox 1015 3061 1072 3103; x_wconf 80' lang='lat' dir='ltr'><strong>cn.</strong></span> 
     </span>
     <span class='ocr_line' id='line_1_35' title="bbox 90 3129 1066 3218; baseline -0.001 -20"><span class='ocrx_word' id='word_1_252' title='bbox 90 3156 155 3198; x_wconf 90' lang='lat' dir='ltr'><strong>cnm</strong></span> <span class='ocrx_word' id='word_1_253' title='bbox 174 3138 253 3196; x_wconf 87' lang='lat' dir='ltr'><strong>annis</strong></span> <span class='ocrx_word' id='word_1_254' title='bbox 269 3157 312 3199; x_wconf 84' lang='lat' dir='ltr'><strong>xm</strong></span> <span class='ocrx_word' id='word_1_255' title='bbox 331 3147 397 3215; x_wconf 90' lang='lat' dir='ltr'><strong>post</strong></span> <span class='ocrx_word' id='word_1_256' title='bbox 413 3147 519 3216; x_wconf 91' lang='lat' dir='ltr'><strong>patrem</strong></span> <span class='ocrx_word' id='word_1_257' title='bbox 536 3149 565 3199; x_wconf 90' lang='lat' dir='ltr'><strong>et</strong></span> <span class='ocrx_word' id='word_1_258' title='bbox 582 3160 637 3200; x_wconf 81' lang='lat' dir='ltr'><strong>vnn</strong></span> <span class='ocrx_word' id='word_1_259' title='bbox 656 3137 800 3218; x_wconf 87' lang='lat' dir='ltr'><strong>mensibus</strong></span> <span class='ocrx_word' id='word_1_260' title='bbox 822 3141 1002 3216; x_wconf 86' lang='lat' dir='ltr'><strong>imperasset,</strong></span> <span class='ocrx_word' id='word_1_261' title='bbox 1018 3129 1066 3172; x_wconf 74' lang='lat'><strong>¹⁹²</strong></span> 
     </span>
     <span class='ocr_line' id='line_1_36' title="bbox 89 3222 1004 3303; baseline 0 -20"><span class='ocrx_word' id='word_1_262' title='bbox 89 3231 164 3283; x_wconf 86' lang='lat' dir='ltr'><strong>tanta</strong></span> <span class='ocrx_word' id='word_1_263' title='bbox 176 3222 375 3281; x_wconf 84' lang='lat' dir='ltr'><strong>exsecratione</strong></span> <span class='ocrx_word' id='word_1_264' title='bbox 389 3225 521 3301; x_wconf 89' lang='lat' dir='ltr'><strong>omnium,</strong></span> <span class='ocrx_word' id='word_1_265' title='bbox 534 3233 565 3285; x_wconf 90' lang='lat' dir='ltr'><strong>ut</strong></span> <span class='ocrx_word' id='word_1_266' title='bbox 575 3225 667 3284; x_wconf 90' lang='lat' dir='ltr'><strong>bostis</strong></span> <span class='ocrx_word' id='word_1_267' title='bbox 677 3223 788 3284; x_wconf 87' lang='lat' dir='ltr'><strong>humani</strong></span> <span class='ocrx_word' id='word_1_268' title='bbox 798 3224 914 3303; x_wconf 80' lang='lat' dir='ltr'><strong>generis</strong></span> <span class='ocrx_word' id='word_1_269' title='bbox 920 3222 1004 3283; x_wconf 84' lang='lat' dir='ltr'><strong>etiam</strong></span> 
     </span>
     <span class='ocr_line' id='line_1_37' title="bbox 89 3305 412 3366; baseline -0.003 0"><span class='ocrx_word' id='word_1_270' title='bbox 89 3314 215 3366; x_wconf 83' lang='lat' dir='ltr'><strong>mortuus</strong></span> <span class='ocrx_word' id='word_1_271' title='bbox 231 3305 412 3366; x_wconf 88' lang='lat' dir='ltr'><strong>iudicaretur.</strong></span> 
     </span>
    </p>

    <p class='ocr_par' dir='ltr' id='par_1_7' title="bbox 148 3387 1003 3471">
     <span class='ocr_line' id='line_1_38' title="bbox 148 3387 1003 3471; baseline 0.005 -24"><span class='ocrx_word' id='word_1_272' title='bbox 148 3387 446 3471; x_wconf 68' lang='lat' dir='ltr'><strong>.ca2.xtt.(vtt1.)</strong></span> <span class='ocrx_word' id='word_1_273' title='bbox 470 3389 694 3453; x_wconf 85' lang='lat' dir='ltr'><strong>llufcsuccessit</strong></span> <span class='ocrx_word' id='word_1_274' title='bbox 707 3391 848 3468; x_wconf 77' lang='lat' dir='ltr'><strong>Pertinax,</strong></span> <span class='ocrx_word' id='word_1_275' title='bbox 865 3387 1003 3469; x_wconf 76' lang='lat' dir='ltr'><strong>grandae-</strong></span> 
     </span>
    </p>
   </div>
   <div class='ocr_carea' id='block_1_3' title="bbox 0 0 1164 3818">
    <p class='ocr_par' dir='ltr' id='par_1_8' title="bbox 0 0 1164 3818">
     <span class='ocr_line' id='line_1_39' title="bbox 0 0 1164 3818; baseline 0 3"><span class='ocrx_word' id='word_1_276' title='bbox 0 0 1164 3818; x_wconf 95' lang='lat' dir='ltr'><strong> </strong></span> 
     </span>
    </p>
   </div>
  </div>
 </body>
</html>
