2318 3818
211 767 401 894 rnnuuuno
425 773 562 872 munior
583 789 738 867 nuoun'
752 789 904 894 ostoun*
1019 880 1021 884 ,

13 1051 14 1054 ’
103 1027 187 1113 Cum
198 1049 525 1133 baumgartea-Grusius,
546 1057 590 1116 vir
605 1055 719 1134 ingenio
731 1073 786 1132 non
800 1055 908 1134 minus,
927 1072 1010 1136 quam
1058 1134 1060 1137 v

49 1198 54 1233 ,
102 1151 226 1213 doctrina
247 1154 384 1231 insignis,
410 1162 536 1215 mortuus
562 1165 655 1234 esset,
689 1155 839 1217 diuenditis
867 1152 1009 1234 exempla·
1067 1186 1070 1192 ·

100 1255 176 1315 ribus
198 1241 343 1333 Eutropii,
371 1255 405 1316 ab
428 1255 477 1316 illo
499 1274 571 1317 auno
590 1275 771 1327 nacconis.
788 1253 871 1330 editi,
905 1239 971 1315 mibi
993 1274 1010 1316 a
1086 1333 1088 1337 y

100 1355 256 1433 bibliopola
278 1348 618 1433 honestissimo,'sooero
642 1354 842 1430 dilectissimo,
869 1352 898 1414 id
913 1371 1007 1415 muue-

99 1457 138 1514 ris
150 1455 271 1525 delatum
282 1464 341 1531 ost,
359 1463 389 1514 ut
400 1455 491 1516 denuo
505 1454 595 1517 libelli
610 1454 762 1517 editionem
775 1472 919 1538 aurarem,
943 1453 1008 1530 Quo

98 1538 214 1617 munere
226 1557 263 1616 ita
274 1565 378 1618 tantum
389 1576 435 1617 me
446 1558 518 1626 bene
537 1567 566 1619 et
582 1575 633 1636 pro
644 1556 717 1618 virili
729 1564 809 1635 parte
826 1554 905 1634 fungi
918 1572 1008 1635 posse

98 1658 234 1736 intellexi,
253 1667 292 1735 ut,
312 1675 368 1718 noa
380 1657 470 1718 solum
483 1678 555 1739 quae
568 1660 733 1738 typothetae
745 1666 931 1736 peccassent,
954 1656 1007 1718 sed

98 1760 196 1838 etiam,
229 1761 257 1818 iu
274 1761 409 1839 quibusa
430 1762 533 1838 prioris
550 1761 666 1821 editoris
691 1760 796 1836 iudicio
819 1758 1007 1819 recedendum

97 1869 185 1936 esset,
204 1861 386 1938 corrigerem.
420 1859 514 1932 Quare
530 1862 621 1934 varias
643 1862 812 1937 scripturae,
836 1857 939 1917 assiria
956 1854 1006 1916 do·

44 1957 52 1975 '
97 1963 150 2023 ctis
166 1968 309 2038 enotatas,
332 1959 510 2039 perlustrari.
541 1961 663 2023 Adhibui
685 1962 768 2044 etiam
790 1951 942 2019 editionem
958 1956 1004 2018 Fr.

95 2063 236 2143 Hoegeri,
260 2082 333 2143 quae
344 2055 484 2138 lionaebii
501 2064 638 2124 sumtibus
655 2072 684 2123 et
700 2063 775 2140 typis
785 2058 820 2119 E.
832 2058 865 2121 Α.
878 2058 1005 2121 Floisob·

94 2183 175 2226 mann
187 2164 300 2244 prodiit.
332 2164 389 2225 Sed
407 2184 470 2226 euru
487 2165 579 2226 ille'r.
597 2165 624 2226 d.
641 2167 669 2224 iu
680 2163 760 2225 titulo
772 2163 844 2225 baec
856 2166 1004 2243 ascripsis-

94 2274 153 2326 set:
186 2268 230 2326 od
244 2264 338 2344 fidem
353 2269 421 2329 eod.
442 2268 511 2329 bibl.
536 2287 601 2345 req.
623 2264 743 2328 Monac.
760 2272 875 2326 tectum
896 2274 1003 2327 ammte·

95 2369 161 2442 tm‘t,
173 2385 227 2444 spe
239 2366 377 2444 deceptus
387 2386 459 2444 sum,
487 2385 550 2427 curu
565 2385 631 2438 mou
645 2364 856 2445 intelligerem,
866 2384 922 2427 nou
933 2369 1003 2428 inte·

93 2486 159 2547 gras
178 2465 253 2527 illius
271 2467 379 2527 codicis
398 2470 568 2548 scripturas,
589 2470 640 2529 sed
656 2467 729 2529 baud
739 2482 803 2528 raro
814 2468 937 2528 virorum
953 2469 1003 2530 uo·

94 2578 202 2630 otorum
223 2568 434 2631 emendationes
460 2572 495 2633 ab
518 2589 554 2632 eo
581 2562 720 2632 exhibitas
740 2587 817 2629 esse.
853 2569 942 2642 Quam
964 2571 1002 2632 ob

93 2690 153 2732 rem
169 2687 232 2731 cum
249 2689 286 2731 ex
303 2689 336 2733 ea
352 2672 475 2734 editione
493 2675 605 2733 minime
617 2678 817 2752 cognoscatur,
840 2688 913 2749 quae
925 2671 1003 2733 codi-

95 2773 136 2832 cis
147 2771 327 2832 blouaeeusis
338 2774 375 2832 sit
389 2782 485 2834 natura
495 2791 529 2833 ac
541 2773 628 2851 lides,
655 2789 748 2851 neque
761 2788 831 2849 quas
848 2772 1001 2851 scripturas
1082 2827 1087 2838 ,

95 2872 237 2949 exhibeat,
256 2880 347 2931 tamen
359 2874 499 2933 nonnullis
517 2874 589 2936 locis
606 2875 738 2936 iudicium
748 2890 842 2932 meum
854 2873 1000 2937 conflrma-

92 2983 150 3034 tum
168 2982 220 3034 est.
257 2970 389 3033 Ceterum
401 2994 473 3054 quae
485 2977 644 3057 quibusque
661 2976 697 3036 de
708 2975 817 3035 caussis
825 2977 998 3056 mutaverim,

93 3095 130 3135 ex
153 3074 379 3136 annotationibus
401 3073 511 3136 libello·
525 3076 644 3138 adiectis
666 3074 791 3137 lectores
813 3088 997 3157 cognoscent.
1073 3101 1080 3114 ·

91 3177 180 3240 Erunt
191 3187 284 3240 autem
300 3177 436 3255 tortasse,
467 3179 513 3257 qui
530 3196 576 3238 me
594 3176 669 3257 quod
694 3178 946 3256 interpunctionem
963 3178 998 3240 ad

92 3281 225 3340 maiorem
252 3279 459 3359 simplicitatem
479 3279 652 3358 redegerim,
681 3278 902 3362 reprehendant,
935 3298 998 3343 oum
