2318 3818
455 232 646 289 clausu.
922 313 927 324 .
965 229 1007 293 33

90 391 183 451 adhuc
202 393 307 453 infinita
328 401 404 467 erat,
426 391 461 452 ad
478 390 587 453 ltaliam
606 395 783 454 transierunt.
815 393 919 455 lterum
941 394 1005 456 aG.

90 473 179 535 llario
192 485 221 534 et
233 476 268 549 Q.
283 474 382 535 Catulo
395 484 491 535 contra
504 491 556 535 eos
569 476 728 536 dimicatum
741 486 795 554 est,
820 478 872 538 sed
885 497 902 538 a
913 478 1006 539 Catuli

89 568 170 636 parte
185 559 308 619 felicius.
332 557 402 619 Nam
415 558 538 637 proelio,
557 561 634 638 quod
646 560 728 619 simul
743 562 826 622 ambo
839 573 1003 641 gesserunt,

90 660 143 703 cxn
155 642 231 701 milia
247 651 294 701 aut
307 644 336 701 in
351 659 461 721 pugna,
482 651 529 702 aut
548 644 577 702 in
592 644 661 721 iuga
676 661 760 704 caesa
777 653 856 721 sunt,
875 665 913 706 ux
929 646 1005 708 milia

90 734 181 803 capta.
210 725 328 786 Romani
344 725 447 784 milites
461 744 497 784 ex
508 734 629 805 utroque
641 729 768 786 exercitu
777 732 898 788 trecenti
911 732 1004 807 perie-

87 818 161 868 runt.
193 808 257 868 Tria
275 818 304 869 et
320 810 434 886 triginta
445 808 565 871 Cimbris
577 812 659 888 signa
674 810 783 872 sublata
794 821 868 870 sunt.
898 811 943 873 ΙΙΙ
959 814 1003 873 his

89 893 232 953 exercitus
248 891 329 952 illarii
347 892 404 952 duo
421 894 595 971 reportavit,
620 893 713 953 Catuli
731 897 874 954 exercitus
896 914 955 957 xxx
975 906 1004 956 et

87 994 180 1035 unum.
204 974 232 1034 Is
245 977 315 1036 belli
331 978 394 1034 linis
409 975 470 1035 init.
502 974 670 1056 Triumphus
682 980 794 1056 utrique
805 977 936 1039 decretus
949 989 1002 1040 est.

151 1060 237 1119 Gar.
249 1057 377 1137 lll.(ll.)
397 1059 464 1119 Sex.
472 1056 544 1119 Iulio
553 1059 676 1121 Caesare
684 1060 748 1120 eth.
756 1061 1001 1142 llarcicPhilippc
1014 1070 1069 1112 MJ-

88 1159 165 1201 coss.
178 1145 386 1202 sexcentesimo
398 1145 632 1221 quinquagesimo
642 1162 797 1205 ncnoanno
809 1147 843 1206 ab
855 1147 926 1206 urbe
934 1164 1001 1207 con·
1013 1136 1059 1180 ⁶⁶¹·

87 1225 154 1301 dite,
180 1243 243 1284 cum
254 1243 347 1304 prope
358 1225 412 1285 alia
424 1229 517 1286 omnia
531 1227 607 1288 bella
623 1238 783 1305 cessarent,
801 1232 830 1289 in
841 1227 921 1290 ltalia
938 1249 1001 1308 gra·
1073 1262 1076 1267 v

85 1311 229 1368 vissimum
246 1309 351 1369 hellum
367 1308 510 1385 Picentes,
528 1309 631 1387 Marsi,
654 1311 822 1390 Pelignique
840 1323 999 1389 moverunt,

86 1394 145 1470 qui,
158 1410 222 1452 cum
233 1396 313 1453 annis
326 1395 486 1452 numerosis
500 1395 555 1452 iam
569 1394 677 1471 populo
692 1394 822 1454 Romano
841 1396 998 1471 obedirent,

85 1485 143 1535 tum
154 1474 313 1534 libertatem
324 1476 379 1535 sibi
393 1493 512 1553 aequam
527 1494 658 1536 asserere
671 1487 837 1555 coeperunt.
857 1477 1000 1538 Pernicio-

85 1577 147 1618 sum
168 1558 317 1618 admodum
333 1558 390 1617 hoc
406 1557 512 1618 bellum
526 1559 588 1619 tuit.
615 1559 645 1620 P.
657 1560 779 1620 Rutilius
799 1562 898 1621 consul
913 1565 941 1621 in
962 1578 998 1621 eo
1008 1579 1062 1621 aa.

85 1645 200 1702 occisus
215 1652 269 1719 est,
284 1641 404 1721 Caepio,
417 1641 522 1702 nobilis
532 1645 654 1720 iuvenis,
669 1653 698 1704 et
707 1644 825 1704 Porcius
832 1645 913 1722 Cato,
926 1646 997 1706 alius
1010 1644 1057 1689 ⁶⁶²·

84 1725 192 1786 consul.
226 1726 331 1786 Duces
347 1734 441 1787 autem
467 1725 603 1787 adversus
620 1726 765 1789 Romanos
785 1727 947 1789 Picentibus
970 1734 1064 1789 ctAdl·

82 1808 185 1869 Marsis
200 1811 311 1869 luerunt
326 1809 358 1867 T.
369 1808 492 1884 Vettius,
515 1809 629 1869 Hierius
641 1811 767 1887 Asinius,
783 1811 815 1870 T.
826 1811 995 1889 Herennius,
1014 1800 1060 1846 666·

82 1892 118 1954 Α.
139 1890 294 1951 Cluentius.
322 1891 494 1951 Allomanis
514 1892 587 1952 benc
602 1903 700 1968 contra
716 1910 769 1953 eos
785 1905 937 1972 pugnatum
954 1905 998 1955 est

83 1995 99 2036 a
117 1975 148 2035 C.
160 1974 265 2050 Mario,
289 1976 336 2053 qui
350 1977 446 2034 sexies
463 1975 562 2035 consul
577 1976 684 2053 iuerat,
705 1985 733 2036 et
749 1996 765 2037 a
781 1977 830 2038 Cn.
847 1977 996 2056 Pompeio,

82 2062 203 2120 mammo
220 2067 312 2119 tamen
328 2057 385 2118 aL.
399 2056 533 2120 Cornelio
546 2059 640 2136 Sulla,
661 2061 709 2139 qui
720 2063 794 2120 inter
809 2061 863 2120 alia
879 2065 998 2140 egregia

82 2145 120 2204 ita
131 2142 306 2219 Cluentium,
322 2143 445 2204 hostium
462 2142 577 2219 ducem,
602 2162 665 2203 cum
678 2146 787 2223 magnis
804 2147 898 2223 copiis
913 2146 995 2223 ludit,

81 2237 112 2287 ut
123 2247 159 2287 ex
174 2229 233 2286 suis
244 2245 328 2286 unum
344 2229 493 2286 amitteret.
516 2226 720 2304 Quadriennio,
735 2246 797 2287 cum
808 2232 888 2306 gravi
904 2239 997 2289 tamen

81 2310 251 2386 calamitate,
268 2312 325 2370 hoc
338 2309 444 2370 bellum
458 2318 576 2368 tractum
588 2320 642 2368 est.
671 2310 776 2383 Quinto
797 2310 907 2370 demum
923 2329 996 2371 anno

82 2394 165 2453 linem
184 2395 298 2469 accepit
320 2392 419 2469 perh.
440 2391 603 2451 Cornelium
620 2393 726 2453 Sullam
749 2392 909 2470 consulem,
934 2411 997 2454 cum
1079 2430 1086 2443 ·

81 2487 162 2537 antea
184 2478 213 2535 in
235 2475 336 2535 eodem
359 2474 437 2535 hello
456 2477 520 2552 ipse
541 2475 626 2535 multa
648 2485 780 2552 strenue,
808 2476 860 2535 sed
881 2487 997 2555 praetor

81 2562 200 2620 sisset.

99 2580 120 2639 g
145 2645 232 2707 Gar.
249 2642 296 2704 lV.
315 2641 397 2723 (ΙΙΙ.)
422 2641 503 2701 Anno
519 2642 597 2702 urhis
612 2642 743 2703 conditae
759 2663 860 2704 nonxrr
876 2646 995 2721 primum
1006 2651 1062 2695 Ml·

79 2727 188 2788 Romae
204 2727 310 2788 hellum
327 2726 412 2786 civile
428 2734 598 2786 commotum
618 2736 679 2802 est,
699 2726 801 2786 eodem
818 2744 891 2787 auno
912 2730 995 2788 etiam
1005 2718 1052 2763 ⁶⁶⁴·

80 2811 306 2871 Mithridaticum.
330 2809 465 2870 Caussam
479 2808 556 2868 bello
570 2810 645 2869 civili
658 2808 691 2869 G.
701 2809 806 2869 Marius
817 2812 914 2869 sexies
927 2828 995 2872 con-

81 2894 125 2954 sul
144 2893 230 2954 dedit.
259 2893 330 2954 Nam
347 2912 410 2952 cum
422 2892 500 2952 Sulla
520 2893 621 2952 consul
637 2902 734 2953 contra
749 2892 926 2954 Mithridaten
943 2914 994 2974 go-

81 2988 174 3038 sturm
186 2976 301 3051 bellum,
318 2979 366 3054 qui
376 2976 472 3035 dsiam
487 2984 516 3034 et
530 2976 666 3037 Achaiam
679 2986 879 3054 occupaverat,
901 2980 993 3040 mitte·

79 3069 167 3138 retur,
185 3062 268 3138 isque
280 3060 434 3119 exercitum
445 3061 472 3117 in
489 3058 639 3137 Campania¹
652 3060 798 3140 paulisper
811 3070 939 3141 teneret,
964 3071 994 3123 ut

79 3145 148 3205 belli
161 3143 293 3219 socialis,
315 3143 351 3202 de
363 3159 420 3220 quc
432 3143 566 3219 diximus,
591 3145 667 3222 quod
681 3146 751 3205 intra
762 3143 869 3206 ltaliam
881 3155 993 3223 gestum

79 3229 181 3305 luerat,
195 3227 333 3306 reliquiae
343 3227 519 3304 tollerentur,
539 3227 644 3287 illarius
656 3228 808 3306 affectavit,
828 3237 859 3288 ut
876 3231 939 3305 ipse
958 3228 993 3288 ad
1073 3264 1074 3270 .

79 3313 183 3372 hellum
196 3311 412 3371 Mithridaticum
423 3311 587 3374 mitteretur.
619 3310 681 3384 Qua
698 3331 731 3372 re
743 3312 820 3372 Sulla
836 3319 993 3372 'commotus

82 3398 283 3515 whihhhitu
295 3395 330 3457 ad
344 3395 443 3455 urbem
453 3396 540 3460 venit.
569 3393 631 3454 lllic
643 3404 743 3456 contra
753 3394 871 3539 llariugr
890 3405 919 3456 et
929 3396 992 3458 su·
