2318 3818
154 207 195 291 to
508 219 732 278 snrnonrr

155 382 304 440 contractis
316 385 408 460 copiis
419 402 516 443 rursus
529 401 591 442 cum
603 383 729 461 Narseo,
747 383 913 445 Hormisdae
928 393 958 444 et
969 385 1065 462 Sapo·

153 464 192 522 ris
207 481 270 540 avo,
284 467 312 525 in
322 465 454 529 Armenia
468 470 566 527 maiori
578 471 711 546 pugnavit
722 487 859 528 successu
873 470 991 546 ingenti,
1007 487 1065 529 nec

153 546 260 608 minore
267 551 531 629 consiliosimulque
543 551 713 628 fortitudine,
722 556 828 632 qnippe
840 555 887 630 qui
898 553 984 612 etiam
994 570 1064 630 spe·

150 631 287 693 'calatoris
310 653 408 695 munus
431 653 494 694 cum
515 636 603 696 altero
625 654 658 696 ac
675 639 758 697 tertio
775 630 870 715 equite
890 638 1063 714 susceperit.

107 724 132 764 Ρ·
149 710 233 781 Pulso
246 717 355 778 Narseo
368 728 457 779 castra
468 721 529 779 eius
540 720 662 798 diripuit.
682 720 803 796 Uxores,
818 737 944 796 sorores,
952 719 1063 780 liberos

86 793 140 836 Μ·
151 804 238 879 cepit,
252 803 385 883 infinitam
397 806 572 864 extrinsecus
592 803 738 864 Persarum
751 803 941 880 nobilitatem,
961 823 1063 882 gazam

93 863 139 906 Μ
151 883 292 946 Persicam
304 889 537 965 copiosissimam.
567 886 665 965 Ipsum
676 889 705 948 in
717 889 825 949 ultimas
839 890 920 966 regni
931 888 1062 947 solitudi-

151 988 201 1030 nes
209 972 277 1049 egit.
288 970 387 1044 orme
399 972 433 1031 ad
442 971 648 1032 Diocletianum
657 971 897 1050 inlllesopotamia
906 989 968 1030 eum
977 989 1061 1050 prae·

152 1055 230 1114 sidiis
242 1065 299 1114 tum
311 1066 465 1116 morantem
476 1073 718 1133 ouansregressus
731 1058 838 1135 ingenti
844 1057 952 1115 honore
960 1073 1062 1115 susce-

108 1143 134 1184 Ρ·
153 1148 217 1217 ptus
230 1149 282 1197 est.
314 1139 403 1199 Varia·
414 1139 549 1216 deinceps
568 1150 597 1199 et
612 1140 693 1198 simul
706 1150 735 1199 et
749 1136 851 1209 viritim
867 1139 941 1201 bella
957 1158 1062 1218 gesse·

84 1208 137 1253 Μ’
152 1232 225 1297 runt,
239 1222 338 1301 Carpis
349 1231 378 1282 et
386 1223 529 1283 Bastemis
542 1224 676 1300 subactis,
690 1225 822 1285 Sarmatis
832 1227 926 1299 victis,
943 1242 1063 1302 quarum

134 1307 292 1366 'nationum
308 1309 437 1384 ingentes
456 1309 629 1385 captivorum
646 1309 745 1386 copias
762 1310 790 1368 in
805 1309 941 1369 Romanis
956 1308 1063 1367 linibus

79 1401 84 1412 '
134 1391 325 1450 locaverunt.
589 1456 592 1461 ,

214 1475 298 1535 Car.
312 1472 414 1536 xxvi.
422 1473 530 1554 (XVI.)
544 1467 739 1536 Diocletianus
748 1486 871 1537 moratus
883 1476 983 1536 callide
995 1473 1062 1552 luit,

151 1577 238 1638 sagax
250 1569 396 1637 praeterea
415 1569 443 1618 et
454 1559 601 1619 admodum
613 1560 722 1620 subtilis
734 1562 859 1638 ingenio,
876 1569 904 1619 et
916 1561 964 1637 qui
976 1576 1063 1618 seve-

150 1645 258 1703 ritatem
269 1661 346 1702 suam
358 1643 449 1703 aliena
461 1643 563 1703 invidia
574 1642 661 1702 vellet
672 1644 799 1721 explere.
817 1642 1064 1720 Diligentissimus

114 1755 122 1767 ·
151 1737 242 1787 tamen
257 1735 286 1786 et
303 1726 515 1787 sollertissimus
533 1729 677 1804 princeps,
698 1729 785 1804 etqui
800 1727 918 1803 imperio
930 1724 1064 1786 Romano

152 1813 257 1890 primus
272 1814 371 1890 regiae
389 1811 599 1872 consuetudinis
611 1812 727 1871 formam
737 1812 843 1888 magis,
863 1827 945 1888 qnam
956 1808 1063 1896 Roma-

151 1902 204 1956 nae
222 1895 358 1957 libertatis
374 1898 480 1957 invexit
495 1896 662 1974 adorarique
674 1914 706 1955 se
723 1896 819 1972 iussit,
844 1912 907 1952 cum
918 1902 984 1953 ante
996 1911 1081 1961 eum¹

153 1982 244 2040 cuncti
263 1980 455 2058 salutarentur.
490 1980 655 2039 Ornamenta
672 1997 842 2057 gemmarum
856 1977 983 2037 vestibus
1004 1977 1064 2038 eal·

152 2067 363 2142 oeamentisque
380 2064 486 2124 indidit.
516 2061 677 2144 Namprius
695 2065 805 2141 imperii
818 2063 929 2140 insigne
944 2063 972 2121 in
984 2061 1064 2121 chla-

151 2146 233 2223 myde
245 2164 385 2224 purpurea
393 2155 499 2215 ,tantum
511 2155 582 2230 erat,
592 2145 701 2224 reliqua
714 2149 879 2205 communia.

213 2230 298 2290 Gar.
309 2229 426 2290 XXVII.
456 2228 605 2290 Herculius
618 2238 710 2289 autem
722 2229 867 2308 propalam
880 2229 958 2288 ferus
976 2237 1006 2288 et
1021 2232 1065 2289 in··

112 2345 121 2356 ε
152 2315 242 2374 civilis
256 2317 378 2394 ingenii,
400 2316 581 2395 asperitatem
592 2333 670 2374 suam
682 2316 765 2374 etiam
782 2313 875 2374 vultus
887 2314 1005 2373 horrore
1026 2317 1064 2372 si·
1093 2362 1095 2367 .

103 2462 111 2474 ‚
151 2400 296 2477 guitianus.
326 2398 1065 2477 HieraturaesuasindnlgensDiocletianoinomni·

151 2484 214 2558 bns,
230 2487 314 2544 etiam
328 2484 520 2545 severioribus
536 2483 673 2560 consiliis,
691 2484 910 2543 obsecutus‘est.
935 2479 1009 2541 lium
1022 2488 1065 2541 ta-

49 2622 52 2628 .
151 2585 215 2625 men
231 2569 445 2644 ingravescente
466 2585 539 2627 aevo
555 2585 651 2645 parum
669 2585 701 2626 se
716 2567 849 2627 idoneum
865 2565 1065 2626 Diocletianus

130 2693 133 2701 .
151 2649 321 2710 moderando
334 2652 454 2728 imperio
467 2669 533 2711 esse
544 2653 672 2725 sentiret,
685 2661 785 2710 auctor
794 2650 930 2710 Herculio
942 2650 1011 2726 luit,
1034 2657 1066 2709 ut

152 2735 179 2794 in
193 2736 330 2812 privatam
344 2737 429 2795 vitam
451 2734 642 2796 concederent
663 2743 692 2794 et
712 2736 862 2795 stationem
877 2733 998 2794 tuendae
1020 2734 1065 2793 rei

101 2845 127 2888 p,
151 2819 283 2896 publicae
293 2819 472 2881 uiridioribus
484 2820 697 2900 lenioribusque
712 2819 882 2879 mandarent.
910 2817 963 2878 Cui
974 2829 1066 2895 aegre

84 2912 140 2956 cm.
153 2901 265 2980 collega
275 2903 488 2982 obtemperarit.
522 2903 626 2964 Tamen
637 2912 757 2983 uterque
769 2921 822 2963 una
834 2903 880 2962 die
892 2905 1000 2980 privato
1014 2902 1066 2961 ha-

95 2983 140 3031 ³⁰⁴·
152 2986 211 3046 bitu
232 2987 342 3064 imperii
364 2989 474 3066 insigne
494 2990 625 3064 mutavit,
648 2987 833 3048 Nicomediae
855 2987 1065 3063 Diocletianus,
1095 3048 1099 3053 ,

86 3071 141 3187 ὣ.
153 3065 302 3137 Herculius
311 3068 473 3150 Mediolani,
491 3081 557 3152 post
567 3072 736 3149 triumphum
746 3071 890 3147 inclutum,
909 3088 993 3149 quem
1002 3068 1067 3129 -lto-

94 3209 133 3252 m
153 3173 217 3215 mae
227 3172 263 3215 ex
273 3157 431 3216 numerosis
441 3157 572 3234 gentibus
587 3164 713 3233 egerant,
731 3173 837 3234 pompa
848 3153 1066 3215 lerculorumil·

134 3238 140 3251 '
152 3239 245 3315 lustri,
257 3248 312 3317 qna
323 3236 423 3300 Narsei
435 3242 573 3318 coniuges
585 3257 760 3318 sororesque
771 3249 800 3299 et
810 3239 901 3300 libere
918 3248 983 3300 ante
998 3255 1067 3298 unr-

153 3322 304 3468 fflggdlffl
315 3333 388 3384 sunt.
420 3321 634 3385 Concesserunt
649 3333 708 3384 tum
718 3323 838 3430 Salonas
849 3342 936 3399 uuus,
947 3321 1026 3383 alter
1037 3323 1070 3383 iu
