<?xml version="1.0" encoding="UTF-8"?>
<!DOCTYPE html PUBLIC "-//W3C//DTD XHTML 1.0 Transitional//EN"
    "http://www.w3.org/TR/xhtml1/DTD/xhtml1-transitional.dtd">
<html xmlns="http://www.w3.org/1999/xhtml" xml:lang="en" lang="en">
 <head>
  <title>
</title>
<meta http-equiv="Content-Type" content="text/html;charset=utf-8" />
  <meta name='ocr-system' content='tesseract 3.04.00' />
  <meta name='ocr-capabilities' content='ocr_page ocr_carea ocr_par ocr_line ocrx_word'/>
</head>
<body>
  <div class='ocr_page' id='page_1' title='image "./eutropiibreviar00crugoog_0024.png"; bbox 0 0 2318 3818; ppageno 0'>
   <div class='ocr_carea' id='block_1_1' title="bbox 463 231 1014 299">
    <p class='ocr_par' dir='ltr' id='par_1_1' title="bbox 463 231 1014 299">
     <span class='ocr_line' id='line_1_1' title="bbox 463 231 1014 299; baseline 0.013 -11"><span class='ocrx_word' id='word_1_1' title='bbox 463 234 599 290; x_wconf 79' lang='lat' dir='ltr'>LIBER</span> <span class='ocrx_word' id='word_1_2' title='bbox 626 235 656 292; x_wconf 84' lang='lat' dir='ltr'><strong>il.</strong></span> <span class='ocrx_word' id='word_1_3' title='bbox 734 240 738 245; x_wconf 81' lang='grc'><strong>’</strong></span> <span class='ocrx_word' id='word_1_4' title='bbox 974 231 1014 299; x_wconf 85' lang='lat' dir='ltr'><strong>ll</strong></span> 
     </span>
    </p>
   </div>
   <div class='ocr_carea' id='block_1_2' title="bbox 18 393 1084 3463">
    <p class='ocr_par' dir='ltr' id='par_1_2' title="bbox 99 393 1015 957">
     <span class='ocr_line' id='line_1_2' title="bbox 100 393 1014 472; baseline 0 -15"><span class='ocrx_word' id='word_1_5' title='bbox 100 406 163 472; x_wconf 83' lang='lat' dir='ltr'><strong>tus,</strong></span> <span class='ocrx_word' id='word_1_6' title='bbox 187 413 293 455; x_wconf 81' lang='lat' dir='ltr'><strong>eorvus</strong></span> <span class='ocrx_word' id='word_1_7' title='bbox 304 396 332 454; x_wconf 89' lang='lat' dir='ltr'><strong>ei</strong></span> <span class='ocrx_word' id='word_1_8' title='bbox 346 411 430 472; x_wconf 89' lang='lat' dir='ltr'><strong>supra</strong></span> <span class='ocrx_word' id='word_1_9' title='bbox 442 395 567 455; x_wconf 89' lang='lat' dir='ltr'><strong>dextrum</strong></span> <span class='ocrx_word' id='word_1_10' title='bbox 578 396 724 456; x_wconf 86' lang='lat' dir='ltr'><strong>braohium</strong></span> <span class='ocrx_word' id='word_1_11' title='bbox 740 396 823 458; x_wconf 88' lang='lat' dir='ltr'><strong>sedit.</strong></span> <span class='ocrx_word' id='word_1_12' title='bbox 852 393 921 456; x_wconf 83' lang='lat' dir='ltr'><strong>Mox</strong></span> <span class='ocrx_word' id='word_1_13' title='bbox 938 413 1014 457; x_wconf 84' lang='lat' dir='ltr'><strong>oom-</strong></span> 
     </span>
     <span class='ocr_line' id='line_1_3' title="bbox 100 476 1014 556; baseline -0.001 -16"><span class='ocrx_word' id='word_1_14' title='bbox 100 483 187 541; x_wconf 87' lang='lat' dir='ltr'><strong>missa</strong></span> <span class='ocrx_word' id='word_1_15' title='bbox 198 479 335 539; x_wconf 78' lang='lat' dir='ltr'><strong>adversus</strong></span> <span class='ocrx_word' id='word_1_16' title='bbox 348 476 457 538; x_wconf 84' lang='lat' dir='ltr'><strong>Gallum</strong></span> <span class='ocrx_word' id='word_1_17' title='bbox 472 496 567 556; x_wconf 87' lang='lat' dir='ltr'><strong>pugna</strong></span> <span class='ocrx_word' id='word_1_18' title='bbox 580 480 655 539; x_wconf 92' lang='lat' dir='ltr'><strong>idem</strong></span> <span class='ocrx_word' id='word_1_19' title='bbox 670 496 775 539; x_wconf 86' lang='lat' dir='ltr'><strong>eorvus</strong></span> <span class='ocrx_word' id='word_1_20' title='bbox 794 479 847 539; x_wconf 88' lang='lat' dir='ltr'><strong>aiis</strong></span> <span class='ocrx_word' id='word_1_21' title='bbox 870 488 899 539; x_wconf 91' lang='lat' dir='ltr'><strong>et</strong></span> <span class='ocrx_word' id='word_1_22' title='bbox 915 481 1014 556; x_wconf 90' lang='lat' dir='ltr'><strong>ungui·</strong></span> 
     </span>
     <span class='ocr_line' id='line_1_4' title="bbox 100 561 1014 641; baseline 0.003 -17"><span class='ocrx_word' id='word_1_23' title='bbox 100 564 154 624; x_wconf 91' lang='lat' dir='ltr'><strong>bus</strong></span> <span class='ocrx_word' id='word_1_24' title='bbox 166 561 238 622; x_wconf 83' lang='lat' dir='ltr'><strong>Galli</strong></span> <span class='ocrx_word' id='word_1_25' title='bbox 255 562 357 622; x_wconf 77' lang='lat' dir='ltr'><strong>oeulos</strong></span> <span class='ocrx_word' id='word_1_26' title='bbox 367 562 541 637; x_wconf 80' lang='lat' dir='ltr'><strong>verberarit,</strong></span> <span class='ocrx_word' id='word_1_27' title='bbox 565 581 601 622; x_wconf 92' lang='lat' dir='ltr'><strong>ne</strong></span> <span class='ocrx_word' id='word_1_28' title='bbox 618 572 727 623; x_wconf 83' lang='lat' dir='ltr'><strong>reatum</strong></span> <span class='ocrx_word' id='word_1_29' title='bbox 739 571 839 641; x_wconf 87' lang='lat' dir='ltr'><strong>posset</strong></span> <span class='ocrx_word' id='word_1_30' title='bbox 854 562 1014 641; x_wconf 78' lang='lat' dir='ltr'><strong>adspicere.</strong></span> 
     </span>
     <span class='ocr_line' id='line_1_5' title="bbox 99 644 1014 723; baseline -0.001 -17"><span class='ocrx_word' id='word_1_31' title='bbox 99 645 143 720; x_wconf 81' lang='lat' dir='ltr'><strong>lta</strong></span> <span class='ocrx_word' id='word_1_32' title='bbox 158 665 176 706; x_wconf 86' lang='lat' dir='ltr'><strong>a</strong></span> <span class='ocrx_word' id='word_1_33' title='bbox 192 646 304 705; x_wconf 86' lang='lat' dir='ltr'><strong>tribuno</strong></span> <span class='ocrx_word' id='word_1_34' title='bbox 315 644 430 705; x_wconf 87' lang='lat' dir='ltr'><strong>Valerio</strong></span> <span class='ocrx_word' id='word_1_35' title='bbox 449 645 615 705; x_wconf 77' lang='lat' dir='ltr'><strong>interiectus</strong></span> <span class='ocrx_word' id='word_1_36' title='bbox 632 664 690 706; x_wconf 92' lang='lat' dir='ltr'><strong>non</strong></span> <span class='ocrx_word' id='word_1_37' title='bbox 706 646 797 706; x_wconf 90' lang='lat' dir='ltr'><strong>solum</strong></span> <span class='ocrx_word' id='word_1_38' title='bbox 812 647 959 706; x_wconf 81' lang='lat' dir='ltr'><strong>victoriam</strong></span> <span class='ocrx_word' id='word_1_39' title='bbox 976 649 1014 723; x_wconf 72' lang='lat' dir='ltr'><strong>ei,</strong></span> 
     </span>
     <span class='ocr_line' id='line_1_6' title="bbox 101 727 1015 808; baseline -0.002 -17"><span class='ocrx_word' id='word_1_40' title='bbox 101 730 154 791; x_wconf 83' lang='lat' dir='ltr'><strong>aed</strong></span> <span class='ocrx_word' id='word_1_41' title='bbox 166 731 249 789; x_wconf 88' lang='lat' dir='ltr'><strong>etiam</strong></span> <span class='ocrx_word' id='word_1_42' title='bbox 260 745 365 803; x_wconf 84' lang='lat' dir='ltr'><strong>nomen</strong></span> <span class='ocrx_word' id='word_1_43' title='bbox 376 728 461 792; x_wconf 91' lang='lat' dir='ltr'><strong>dedit.</strong></span> <span class='ocrx_word' id='word_1_44' title='bbox 493 728 564 788; x_wconf 90' lang='lat' dir='ltr'><strong>Nam</strong></span> <span class='ocrx_word' id='word_1_45' title='bbox 576 739 677 808; x_wconf 88' lang='lat' dir='ltr'><strong>postea</strong></span> <span class='ocrx_word' id='word_1_46' title='bbox 691 730 768 789; x_wconf 88' lang='lat' dir='ltr'><strong>idem</strong></span> <span class='ocrx_word' id='word_1_47' title='bbox 779 727 890 791; x_wconf 80' lang='lat' dir='ltr'><strong>Corvus</strong></span> <span class='ocrx_word' id='word_1_48' title='bbox 908 739 953 789; x_wconf 89' lang='lat' dir='ltr'><strong>est</strong></span> <span class='ocrx_word' id='word_1_49' title='bbox 973 729 1015 789; x_wconf 85' lang='lat' dir='ltr'><strong>di·</strong></span> 
     </span>
     <span class='ocr_line' id='line_1_7' title="bbox 100 812 1015 891; baseline 0 -18"><span class='ocrx_word' id='word_1_50' title='bbox 100 823 173 874; x_wconf 84' lang='lat' dir='ltr'><strong>etus.</strong></span> <span class='ocrx_word' id='word_1_51' title='bbox 201 812 245 874; x_wconf 81' lang='lat' dir='ltr'><strong>Ae</strong></span> <span class='ocrx_word' id='word_1_52' title='bbox 262 821 381 891; x_wconf 87' lang='lat' dir='ltr'><strong>propter</strong></span> <span class='ocrx_word' id='word_1_53' title='bbox 396 814 453 872; x_wconf 89' lang='lat' dir='ltr'><strong>hoe</strong></span> <span class='ocrx_word' id='word_1_54' title='bbox 471 814 600 872; x_wconf 89' lang='lat' dir='ltr'><strong>meritum</strong></span> <span class='ocrx_word' id='word_1_55' title='bbox 617 831 752 874; x_wconf 90' lang='lat' dir='ltr'><strong>annorum</strong></span> <span class='ocrx_word' id='word_1_56' title='bbox 770 815 853 874; x_wconf 86' lang='lat' dir='ltr'><strong>trium</strong></span> <span class='ocrx_word' id='word_1_57' title='bbox 871 821 900 874; x_wconf 89' lang='lat' dir='ltr'><strong>et</strong></span> <span class='ocrx_word' id='word_1_58' title='bbox 915 815 1015 890; x_wconf 86' lang='lat' dir='ltr'><strong>viginti</strong></span> 
     </span>
     <span class='ocr_line' id='line_1_8' title="bbox 101 895 372 957; baseline -0.007 0"><span class='ocrx_word' id='word_1_59' title='bbox 101 895 201 957; x_wconf 82' lang='lat' dir='ltr'><strong>consul</strong></span> <span class='ocrx_word' id='word_1_60' title='bbox 214 904 258 955; x_wconf 83' lang='lat' dir='ltr'><strong>est</strong></span> <span class='ocrx_word' id='word_1_61' title='bbox 270 896 372 956; x_wconf 85' lang='lat' dir='ltr'><strong>iaetus.</strong></span> 
     </span>
    </p>

    <p class='ocr_par' dir='ltr' id='par_1_3' title="bbox 29 977 1083 1626">
     <span class='ocr_line' id='line_1_9' title="bbox 168 977 1083 1058; baseline -0.001 -20"><span class='ocrx_word' id='word_1_62' title='bbox 168 980 253 1041; x_wconf 78' lang='lat' dir='ltr'><strong>Gne.</strong></span> <span class='ocrx_word' id='word_1_63' title='bbox 264 977 327 1042; x_wconf 85' lang='lat' dir='ltr'><strong>VII.</strong></span> <span class='ocrx_word' id='word_1_64' title='bbox 348 977 448 1054; x_wconf 86' lang='lat' dir='ltr'><strong>Latini,</strong></span> <span class='ocrx_word' id='word_1_65' title='bbox 461 980 510 1055; x_wconf 85' lang='lat' dir='ltr'><strong>qui</strong></span> <span class='ocrx_word' id='word_1_66' title='bbox 520 979 668 1040; x_wconf 86' lang='lat' dir='ltr'><strong>noluerant</strong></span> <span class='ocrx_word' id='word_1_67' title='bbox 678 978 782 1053; x_wconf 78' lang='lat' dir='ltr'><strong>milites</strong></span> <span class='ocrx_word' id='word_1_68' title='bbox 790 979 868 1056; x_wconf 83' lang='lat' dir='ltr'><strong>dare,</strong></span> <span class='ocrx_word' id='word_1_69' title='bbox 880 980 936 1039; x_wconf 87' lang='lat' dir='ltr'><strong>hoe</strong></span> <span class='ocrx_word' id='word_1_70' title='bbox 944 996 1014 1058; x_wconf 90' lang='lat' dir='ltr'><strong>quo·</strong></span> <span class='ocrx_word' id='word_1_71' title='bbox 1027 992 1083 1037; x_wconf 75' lang='lat' dir='ltr'><strong>aar.</strong></span> 
     </span>
     <span class='ocr_line' id='line_1_10' title="bbox 100 1060 1071 1142; baseline 0 -20"><span class='ocrx_word' id='word_1_72' title='bbox 100 1081 184 1142; x_wconf 83' lang='lat' dir='ltr'><strong>quea</strong></span> <span class='ocrx_word' id='word_1_73' title='bbox 198 1063 333 1123; x_wconf 83' lang='lat' dir='ltr'><strong>Romanis</strong></span> <span class='ocrx_word' id='word_1_74' title='bbox 345 1064 462 1140; x_wconf 78' lang='lat' dir='ltr'><strong>exigere</strong></span> <span class='ocrx_word' id='word_1_75' title='bbox 476 1073 648 1141; x_wconf 78' lang='lat' dir='ltr'><strong>coeperunt,</strong></span> <span class='ocrx_word' id='word_1_76' title='bbox 672 1073 702 1124; x_wconf 91' lang='grc' dir='ltr'><strong>ιιι</strong></span> <span class='ocrx_word' id='word_1_77' title='bbox 713 1082 784 1124; x_wconf 89' lang='lat' dir='ltr'><strong>unus</strong></span> <span class='ocrx_word' id='word_1_78' title='bbox 796 1063 895 1124; x_wconf 87' lang='lat' dir='ltr'><strong>eonsul</strong></span> <span class='ocrx_word' id='word_1_79' title='bbox 913 1082 950 1122; x_wconf 89' lang='lat' dir='ltr'><strong>ex</strong></span> <span class='ocrx_word' id='word_1_80' title='bbox 964 1079 1013 1123; x_wconf 89' lang='lat' dir='ltr'><strong>eo·</strong></span> <span class='ocrx_word' id='word_1_81' title='bbox 1026 1060 1071 1105; x_wconf 78' lang='lat'><strong>⁴¹⁵·</strong></span> 
     </span>
     <span class='ocr_line' id='line_1_11' title="bbox 98 1146 1015 1228; baseline 0 -22"><span class='ocrx_word' id='word_1_82' title='bbox 98 1165 175 1222; x_wconf 89' lang='lat' dir='ltr'><strong>rum,</strong></span> <span class='ocrx_word' id='word_1_83' title='bbox 195 1146 267 1206; x_wconf 88' lang='lat' dir='ltr'><strong>aiter</strong></span> <span class='ocrx_word' id='word_1_84' title='bbox 284 1163 321 1205; x_wconf 91' lang='lat' dir='ltr'><strong>ex</strong></span> <span class='ocrx_word' id='word_1_85' title='bbox 337 1146 527 1228; x_wconf 81' lang='lat' dir='ltr'><strong>Romanorum</strong></span> <span class='ocrx_word' id='word_1_86' title='bbox 546 1146 656 1225; x_wconf 90' lang='lat' dir='ltr'><strong>populo</strong></span> <span class='ocrx_word' id='word_1_87' title='bbox 674 1156 826 1210; x_wconf 80' lang='lat' dir='ltr'><strong>crearetur.</strong></span> <span class='ocrx_word' id='word_1_88' title='bbox 854 1146 940 1220; x_wconf 80' lang='lat' dir='ltr'><strong>Quod</strong></span> <span class='ocrx_word' id='word_1_89' title='bbox 950 1164 1015 1206; x_wconf 89' lang='lat' dir='ltr'><strong>eum</strong></span> 
     </span>
     <span class='ocr_line' id='line_1_12' title="bbox 100 1228 1014 1308; baseline -0.001 -18"><span class='ocrx_word' id='word_1_90' title='bbox 100 1239 179 1290; x_wconf 88' lang='lat' dir='ltr'><strong>esset</strong></span> <span class='ocrx_word' id='word_1_91' title='bbox 190 1238 337 1308; x_wconf 82' lang='lat' dir='ltr'><strong>negatum,</strong></span> <span class='ocrx_word' id='word_1_92' title='bbox 355 1228 461 1290; x_wconf 87' lang='lat' dir='ltr'><strong>bellum</strong></span> <span class='ocrx_word' id='word_1_93' title='bbox 477 1240 575 1291; x_wconf 87' lang='lat' dir='ltr'><strong>eontra</strong></span> <span class='ocrx_word' id='word_1_94' title='bbox 592 1249 644 1290; x_wconf 90' lang='lat' dir='ltr'><strong>eos</strong></span> <span class='ocrx_word' id='word_1_95' title='bbox 663 1241 828 1308; x_wconf 85' lang='lat' dir='ltr'><strong>susceptum</strong></span> <span class='ocrx_word' id='word_1_96' title='bbox 844 1240 905 1307; x_wconf 83' lang='lat' dir='ltr'><strong>est,</strong></span> <span class='ocrx_word' id='word_1_97' title='bbox 929 1240 958 1290; x_wconf 87' lang='lat' dir='ltr'><strong>et</strong></span> <span class='ocrx_word' id='word_1_98' title='bbox 972 1233 1014 1290; x_wconf 92' lang='lat' dir='ltr'><strong>in·</strong></span> 
     </span>
     <span class='ocr_line' id='line_1_13' title="bbox 98 1305 1014 1393; baseline -0.001 -19"><span class='ocrx_word' id='word_1_99' title='bbox 98 1315 177 1392; x_wconf 86' lang='lat' dir='ltr'><strong>genti</strong></span> <span class='ocrx_word' id='word_1_100' title='bbox 197 1305 294 1392; x_wconf 69' lang='lat' dir='ltr'><strong>pugna</strong></span> <span class='ocrx_word' id='word_1_101' title='bbox 311 1316 437 1392; x_wconf 90' lang='lat' dir='ltr'><strong>superati</strong></span> <span class='ocrx_word' id='word_1_102' title='bbox 455 1324 538 1384; x_wconf 87' lang='lat' dir='ltr'><strong>sunt;</strong></span> <span class='ocrx_word' id='word_1_103' title='bbox 564 1333 599 1375; x_wconf 89' lang='lat' dir='ltr'><strong>ao</strong></span> <span class='ocrx_word' id='word_1_104' title='bbox 616 1315 652 1374; x_wconf 94' lang='lat' dir='ltr'><strong>de</strong></span> <span class='ocrx_word' id='word_1_105' title='bbox 669 1316 713 1375; x_wconf 90' lang='lat' dir='ltr'><strong>his</strong></span> <span class='ocrx_word' id='word_1_106' title='bbox 733 1314 899 1393; x_wconf 76' lang='lat' dir='ltr'><strong>perdomitis</strong></span> <span class='ocrx_word' id='word_1_107' title='bbox 919 1315 1014 1373; x_wconf 84' lang='lat' dir='ltr'><strong>trium</strong></span> 
     </span>
     <span class='ocr_line' id='line_1_14' title="bbox 99 1397 1083 1475; baseline -0.002 -18"><span class='ocrx_word' id='word_1_108' title='bbox 99 1399 279 1475; x_wconf 89' lang='lat' dir='ltr'><strong>phatumest.</strong></span> <span class='ocrx_word' id='word_1_109' title='bbox 311 1398 427 1458; x_wconf 81' lang='lat' dir='ltr'><strong>statuae</strong></span> <span class='ocrx_word' id='word_1_110' title='bbox 441 1397 607 1457; x_wconf 82' lang='lat' dir='ltr'><strong>oonsulibus</strong></span> <span class='ocrx_word' id='word_1_111' title='bbox 626 1399 664 1458; x_wconf 88' lang='lat' dir='ltr'><strong>eb</strong></span> <span class='ocrx_word' id='word_1_112' title='bbox 681 1401 811 1458; x_wconf 88' lang='lat' dir='ltr'><strong>meritum</strong></span> <span class='ocrx_word' id='word_1_113' title='bbox 826 1399 965 1457; x_wconf 81' lang='lat' dir='ltr'><strong>victoriae</strong></span> <span class='ocrx_word' id='word_1_114' title='bbox 985 1399 1014 1455; x_wconf 92' lang='lat' dir='ltr'><strong>in</strong></span> <span class='ocrx_word' id='word_1_115' title='bbox 1028 1404 1083 1447; x_wconf 64' lang='lat' dir='ltr'><strong>ev·</strong></span> 
     </span>
     <span class='ocr_line' id='line_1_15' title="bbox 29 1473 1072 1558; baseline -0.004 -17"><span class='ocrx_word' id='word_1_116' title='bbox 29 1493 33 1500; x_wconf 82' lang='grc'><strong><em>’</em></strong></span> <span class='ocrx_word' id='word_1_117' title='bbox 99 1480 212 1541; x_wconf 80' lang='lat' dir='ltr'><strong>Rostris</strong></span> <span class='ocrx_word' id='word_1_118' title='bbox 224 1482 337 1558; x_wconf 80' lang='lat' dir='ltr'><strong>positae</strong></span> <span class='ocrx_word' id='word_1_119' title='bbox 355 1490 428 1542; x_wconf 89' lang='lat' dir='ltr'><strong>sunt.</strong></span> <span class='ocrx_word' id='word_1_120' title='bbox 465 1479 520 1557; x_wconf 81' lang='lat' dir='ltr'><strong>{Eo</strong></span> <span class='ocrx_word' id='word_1_121' title='bbox 531 1497 605 1540; x_wconf 88' lang='lat' dir='ltr'><strong>anno</strong></span> <span class='ocrx_word' id='word_1_122' title='bbox 617 1483 702 1541; x_wconf 88' lang='lat' dir='ltr'><strong>etiam</strong></span> <span class='ocrx_word' id='word_1_123' title='bbox 712 1479 882 1540; x_wconf 78' lang='lat' dir='ltr'><strong>Alexandria</strong></span> <span class='ocrx_word' id='word_1_124' title='bbox 901 1481 936 1540; x_wconf 89' lang='lat' dir='ltr'><strong>ab</strong></span> <span class='ocrx_word' id='word_1_125' title='bbox 947 1478 1014 1538; x_wconf 83' lang='lat' dir='ltr'><strong>Ale·</strong></span> <span class='ocrx_word' id='word_1_126' title='bbox 1027 1473 1072 1514; x_wconf 79' lang='lat'><strong>⁴¹⁷·</strong></span> 
     </span>
     <span class='ocr_line' id='line_1_16' title="bbox 99 1563 572 1626; baseline 0 -1"><span class='ocrx_word' id='word_1_127' title='bbox 99 1563 207 1625; x_wconf 91' lang='lat' dir='ltr'><strong>xandro</strong></span> <span class='ocrx_word' id='word_1_128' title='bbox 219 1563 377 1623; x_wconf 78' lang='lat' dir='ltr'><strong>Macedone</strong></span> <span class='ocrx_word' id='word_1_129' title='bbox 390 1563 503 1623; x_wconf 80' lang='lat' dir='ltr'><strong>condita</strong></span> <span class='ocrx_word' id='word_1_130' title='bbox 518 1574 572 1626; x_wconf 86' lang='lat' dir='ltr'><strong>est.</strong></span> 
     </span>
    </p>

    <p class='ocr_par' dir='ltr' id='par_1_4' title="bbox 97 1645 1084 2311">
     <span class='ocr_line' id='line_1_17' title="bbox 159 1645 1015 1725; baseline -0.004 -18"><span class='ocrx_word' id='word_1_131' title='bbox 159 1645 331 1712; x_wconf 73' lang='lat' dir='ltr'><strong>osavllt.</strong></span> <span class='ocrx_word' id='word_1_132' title='bbox 354 1646 928 1725; x_wconf 86' lang='lat' dir='ltr'><strong>lamRomanipotentesesseeoeperunt.</strong></span> <span class='ocrx_word' id='word_1_133' title='bbox 951 1645 1015 1705; x_wconf 88' lang='lat' dir='ltr'><strong>Bei-</strong></span> 
     </span>
     <span class='ocr_line' id='line_1_18' title="bbox 99 1729 1015 1809; baseline 0 -18"><span class='ocrx_word' id='word_1_134' title='bbox 99 1731 156 1792; x_wconf 93' lang='lat' dir='ltr'><strong>lum</strong></span> <span class='ocrx_word' id='word_1_135' title='bbox 171 1735 246 1792; x_wconf 90' lang='lat' dir='ltr'><strong>enim</strong></span> <span class='ocrx_word' id='word_1_136' title='bbox 258 1733 287 1791; x_wconf 93' lang='lat' dir='ltr'><strong>in</strong></span> <span class='ocrx_word' id='word_1_137' title='bbox 299 1733 455 1792; x_wconf 78' lang='lat' dir='ltr'><strong>centesimo</strong></span> <span class='ocrx_word' id='word_1_138' title='bbox 468 1741 497 1791; x_wconf 90' lang='lat' dir='ltr'><strong>et</strong></span> <span class='ocrx_word' id='word_1_139' title='bbox 507 1734 653 1791; x_wconf 78' lang='lat' dir='ltr'><strong>tricesimo</strong></span> <span class='ocrx_word' id='word_1_140' title='bbox 668 1730 729 1791; x_wconf 87' lang='lat' dir='ltr'><strong>iere</strong></span> <span class='ocrx_word' id='word_1_141' title='bbox 739 1732 859 1793; x_wconf 87' lang='lat' dir='ltr'><strong>miliario</strong></span> <span class='ocrx_word' id='word_1_142' title='bbox 878 1729 954 1809; x_wconf 89' lang='lat' dir='ltr'><strong>apud</strong></span> <span class='ocrx_word' id='word_1_143' title='bbox 966 1730 1015 1791; x_wconf 83' lang='lat' dir='ltr'><strong>Sa·</strong></span> 
     </span>
     <span class='ocr_line' id='line_1_19' title="bbox 98 1813 1013 1893; baseline -0.003 -18"><span class='ocrx_word' id='word_1_144' title='bbox 98 1817 198 1875; x_wconf 91' lang='lat' dir='ltr'><strong>mnitas</strong></span> <span class='ocrx_word' id='word_1_145' title='bbox 209 1816 377 1893; x_wconf 83' lang='lat' dir='ltr'><strong>gerebatur,</strong></span> <span class='ocrx_word' id='word_1_146' title='bbox 402 1817 449 1891; x_wconf 88' lang='lat' dir='ltr'><strong>qui</strong></span> <span class='ocrx_word' id='word_1_147' title='bbox 466 1814 550 1873; x_wconf 90' lang='lat' dir='ltr'><strong>medii</strong></span> <span class='ocrx_word' id='word_1_148' title='bbox 573 1824 636 1873; x_wconf 89' lang='lat' dir='ltr'><strong>sunt</strong></span> <span class='ocrx_word' id='word_1_149' title='bbox 656 1816 729 1873; x_wconf 89' lang='lat' dir='ltr'><strong>inter</strong></span> <span class='ocrx_word' id='word_1_150' title='bbox 738 1815 882 1890; x_wconf 85' lang='lat' dir='ltr'><strong>Pieenum,</strong></span> <span class='ocrx_word' id='word_1_151' title='bbox 897 1813 1013 1890; x_wconf 84' lang='lat' dir='ltr'><strong>Campa·</strong></span> 
     </span>
     <span class='ocr_line' id='line_1_20' title="bbox 98 1895 1084 1974; baseline -0.004 -16"><span class='ocrx_word' id='word_1_152' title='bbox 98 1900 182 1974; x_wconf 86' lang='lat' dir='ltr'><strong>niam,</strong></span> <span class='ocrx_word' id='word_1_153' title='bbox 195 1906 224 1957; x_wconf 89' lang='lat' dir='ltr'><strong>et</strong></span> <span class='ocrx_word' id='word_1_154' title='bbox 234 1896 375 1974; x_wconf 78' lang='lat' dir='ltr'><strong>Apuliam.</strong></span> <span class='ocrx_word' id='word_1_155' title='bbox 403 1896 433 1960; x_wconf 76' lang='lat' dir='ltr'><strong>L,</strong></span> <span class='ocrx_word' id='word_1_156' title='bbox 446 1896 573 1974; x_wconf 82' lang='lat' dir='ltr'><strong>Papirius</strong></span> <span class='ocrx_word' id='word_1_157' title='bbox 586 1895 693 1956; x_wconf 82' lang='lat' dir='ltr'><strong>Cursor</strong></span> <span class='ocrx_word' id='word_1_158' title='bbox 705 1915 766 1968; x_wconf 83' lang='lat' dir='ltr'><strong>eum</strong></span> <span class='ocrx_word' id='word_1_159' title='bbox 776 1898 886 1957; x_wconf 89' lang='lat' dir='ltr'><strong>honere</strong></span> <span class='ocrx_word' id='word_1_160' title='bbox 897 1897 1014 1955; x_wconf 81' lang='lat' dir='ltr'><strong>dietate·</strong></span> <span class='ocrx_word' id='word_1_161' title='bbox 1028 1912 1084 1954; x_wconf 80' lang='lat' dir='ltr'><strong>nm.</strong></span> 
     </span>
     <span class='ocr_line' id='line_1_21' title="bbox 97 1978 1072 2058; baseline -0.004 -16"><span class='ocrx_word' id='word_1_162' title='bbox 97 1984 138 2042; x_wconf 90' lang='lat' dir='ltr'><strong>ris</strong></span> <span class='ocrx_word' id='word_1_163' title='bbox 150 1979 185 2041; x_wconf 89' lang='lat' dir='ltr'><strong>ad</strong></span> <span class='ocrx_word' id='word_1_164' title='bbox 203 1981 232 2040; x_wconf 96' lang='lat' dir='ltr'><strong>id</strong></span> <span class='ocrx_word' id='word_1_165' title='bbox 243 1979 350 2041; x_wconf 87' lang='lat' dir='ltr'><strong>bellum</strong></span> <span class='ocrx_word' id='word_1_166' title='bbox 362 1979 510 2058; x_wconf 79' lang='lat' dir='ltr'><strong>proiectus</strong></span> <span class='ocrx_word' id='word_1_167' title='bbox 524 1989 576 2040; x_wconf 88' lang='lat' dir='ltr'><strong>est.</strong></span> <span class='ocrx_word' id='word_1_168' title='bbox 605 1979 660 2053; x_wconf 84' lang='lat' dir='ltr'><strong>Qui</strong></span> <span class='ocrx_word' id='word_1_169' title='bbox 673 1997 736 2039; x_wconf 90' lang='lat' dir='ltr'><strong>eum</strong></span> <span class='ocrx_word' id='word_1_170' title='bbox 747 1979 864 2041; x_wconf 86' lang='lat' dir='ltr'><strong>Romam</strong></span> <span class='ocrx_word' id='word_1_171' title='bbox 879 1979 1013 2054; x_wconf 80' lang='lat' dir='ltr'><strong>redisset,</strong></span> <span class='ocrx_word' id='word_1_172' title='bbox 1024 1978 1072 2022; x_wconf 80' lang='lat'>⁴³⁰·</span> 
     </span>
     <span class='ocr_line' id='line_1_22' title="bbox 99 2062 1016 2142; baseline -0.004 -18"><span class='ocrx_word' id='word_1_173' title='bbox 99 2064 135 2140; x_wconf 85' lang='lat' dir='ltr'><strong>Q.</strong></span> <span class='ocrx_word' id='word_1_174' title='bbox 147 2063 237 2124; x_wconf 86' lang='lat' dir='ltr'><strong>Fabio</strong></span> <span class='ocrx_word' id='word_1_175' title='bbox 248 2062 388 2140; x_wconf 82' lang='lat' dir='ltr'><strong>Maximo,</strong></span> <span class='ocrx_word' id='word_1_176' title='bbox 405 2066 541 2142; x_wconf 86' lang='lat' dir='ltr'><strong>magistro</strong></span> <span class='ocrx_word' id='word_1_177' title='bbox 553 2066 697 2142; x_wconf 88' lang='lat' dir='ltr'><strong>equitum,</strong></span> <span class='ocrx_word' id='word_1_178' title='bbox 717 2082 801 2141; x_wconf 86' lang='lat' dir='ltr'><strong>quem</strong></span> <span class='ocrx_word' id='word_1_179' title='bbox 816 2062 892 2142; x_wconf 92' lang='lat' dir='ltr'><strong>apud</strong></span> <span class='ocrx_word' id='word_1_180' title='bbox 907 2062 1016 2122; x_wconf 87' lang='lat' dir='ltr'><strong>exerei-</strong></span> 
     </span>
     <span class='ocr_line' id='line_1_23' title="bbox 97 2145 1016 2227; baseline -0.004 -19"><span class='ocrx_word' id='word_1_181' title='bbox 97 2159 156 2209; x_wconf 93' lang='lat' dir='ltr'><strong>tum</strong></span> <span class='ocrx_word' id='word_1_182' title='bbox 166 2148 291 2227; x_wconf 87' lang='lat' dir='ltr'><strong>reliquit,</strong></span> <span class='ocrx_word' id='word_1_183' title='bbox 304 2149 461 2226; x_wconf 82' lang='lat' dir='ltr'><strong>praecepit,</strong></span> <span class='ocrx_word' id='word_1_184' title='bbox 475 2165 512 2207; x_wconf 90' lang='lat' dir='ltr'><strong>ne</strong></span> <span class='ocrx_word' id='word_1_185' title='bbox 523 2165 556 2207; x_wconf 88' lang='lat' dir='ltr'><strong>se</strong></span> <span class='ocrx_word' id='word_1_186' title='bbox 568 2148 686 2209; x_wconf 85' lang='lat' dir='ltr'><strong>absente</strong></span> <span class='ocrx_word' id='word_1_187' title='bbox 696 2157 843 2225; x_wconf 79' lang='lat' dir='ltr'><strong>pugnaret.</strong></span> <span class='ocrx_word' id='word_1_188' title='bbox 865 2145 919 2206; x_wconf 90' lang='lat' dir='ltr'><strong>Ille</strong></span> <span class='ocrx_word' id='word_1_189' title='bbox 931 2162 1016 2205; x_wconf 81' lang='lat' dir='ltr'><strong>enea·</strong></span> 
     </span>
     <span class='ocr_line' id='line_1_24' title="bbox 98 2229 1015 2311; baseline -0.007 -18"><span class='ocrx_word' id='word_1_190' title='bbox 98 2234 180 2294; x_wconf 84' lang='lat' dir='ltr'><strong>sione</strong></span> <span class='ocrx_word' id='word_1_191' title='bbox 201 2241 316 2311; x_wconf 88' lang='lat' dir='ltr'><strong>reperta</strong></span> <span class='ocrx_word' id='word_1_192' title='bbox 338 2232 505 2292; x_wconf 78' lang='lat' dir='ltr'><strong>felicissime</strong></span> <span class='ocrx_word' id='word_1_193' title='bbox 527 2230 670 2292; x_wconf 86' lang='lat' dir='ltr'><strong>dimioavit</strong></span> <span class='ocrx_word' id='word_1_194' title='bbox 690 2239 720 2290; x_wconf 93' lang='lat' dir='ltr'><strong>et</strong></span> <span class='ocrx_word' id='word_1_195' title='bbox 737 2231 878 2291; x_wconf 87' lang='lat' dir='ltr'><strong>Samnitas</strong></span> <span class='ocrx_word' id='word_1_196' title='bbox 898 2229 1015 2289; x_wconf 84' lang='lat' dir='ltr'><strong>delerit.</strong></span> 
     </span>
    </p>

    <p class='ocr_par' dir='ltr' id='par_1_5' title="bbox 98 2313 1016 2630">
     <span class='ocr_line' id='line_1_25' title="bbox 100 2313 1016 2395; baseline -0.008 -18"><span class='ocrx_word' id='word_1_197' title='bbox 100 2316 143 2377; x_wconf 89' lang='lat' dir='ltr'><strong>Oh</strong></span> <span class='ocrx_word' id='word_1_198' title='bbox 155 2335 239 2395; x_wconf 86' lang='lat' dir='ltr'><strong>quam</strong></span> <span class='ocrx_word' id='word_1_199' title='bbox 248 2334 310 2377; x_wconf 92' lang='lat' dir='ltr'><strong>rem</strong></span> <span class='ocrx_word' id='word_1_200' title='bbox 321 2333 337 2375; x_wconf 90' lang='lat' dir='ltr'><strong>a</strong></span> <span class='ocrx_word' id='word_1_201' title='bbox 349 2314 486 2375; x_wconf 76' lang='lat' dir='ltr'><strong>dictatore</strong></span> <span class='ocrx_word' id='word_1_202' title='bbox 498 2316 599 2391; x_wconf 90' lang='lat' dir='ltr'><strong>eapitis</strong></span> <span class='ocrx_word' id='word_1_203' title='bbox 607 2315 761 2389; x_wconf 83' lang='lat' dir='ltr'><strong>damnatus,</strong></span> <span class='ocrx_word' id='word_1_204' title='bbox 775 2313 852 2390; x_wconf 87' lang='lat' dir='ltr'><strong>quod</strong></span> <span class='ocrx_word' id='word_1_205' title='bbox 863 2320 1016 2372; x_wconf 85' lang='lat' dir='ltr'><strong>seretante</strong></span> 
     </span>
     <span class='ocr_line' id='line_1_26' title="bbox 98 2395 1013 2478; baseline -0.007 -19"><span class='ocrx_word' id='word_1_206' title='bbox 98 2396 392 2478; x_wconf 42' lang='lat' dir='ltr'><strong>pugnassetgingenti</strong></span> <span class='ocrx_word' id='word_1_207' title='bbox 406 2399 505 2458; x_wconf 85' lang='lat' dir='ltr'><strong>iavore</strong></span> <span class='ocrx_word' id='word_1_208' title='bbox 516 2397 634 2457; x_wconf 90' lang='lat' dir='ltr'><strong>militum</strong></span> <span class='ocrx_word' id='word_1_209' title='bbox 650 2405 680 2456; x_wconf 88' lang='lat' dir='ltr'><strong>et</strong></span> <span class='ocrx_word' id='word_1_210' title='bbox 695 2395 793 2474; x_wconf 90' lang='lat' dir='ltr'><strong>populi</strong></span> <span class='ocrx_word' id='word_1_211' title='bbox 808 2396 942 2454; x_wconf 86' lang='lat' dir='ltr'><strong>liberatus</strong></span> <span class='ocrx_word' id='word_1_212' title='bbox 959 2402 1013 2470; x_wconf 79' lang='lat' dir='ltr'><strong>est,</strong></span> 
     </span>
     <span class='ocr_line' id='line_1_27' title="bbox 98 2477 1015 2559; baseline -0.007 -16"><span class='ocrx_word' id='word_1_213' title='bbox 98 2491 176 2543; x_wconf 87' lang='lat' dir='ltr'><strong>tanta</strong></span> <span class='ocrx_word' id='word_1_214' title='bbox 192 2481 306 2559; x_wconf 88' lang='lat' dir='ltr'><strong>Papirio</strong></span> <span class='ocrx_word' id='word_1_215' title='bbox 326 2479 466 2540; x_wconf 89' lang='lat' dir='ltr'><strong>seditione</strong></span> <span class='ocrx_word' id='word_1_216' title='bbox 485 2489 641 2557; x_wconf 82' lang='lat' dir='ltr'><strong>commota,</strong></span> <span class='ocrx_word' id='word_1_217' title='bbox 664 2488 695 2540; x_wconf 91' lang='lat' dir='ltr'><strong>ut</strong></span> <span class='ocrx_word' id='word_1_218' title='bbox 715 2496 807 2557; x_wconf 91' lang='lat' dir='ltr'><strong>paene</strong></span> <span class='ocrx_word' id='word_1_219' title='bbox 824 2480 889 2556; x_wconf 90' lang='lat' dir='ltr'><strong>ipse</strong></span> <span class='ocrx_word' id='word_1_220' title='bbox 910 2477 1015 2539; x_wconf 86' lang='lat' dir='ltr'><strong>interii·</strong></span> 
     </span>
     <span class='ocr_line' id='line_1_28' title="bbox 98 2575 924 2630; baseline -0.005 -5"><span class='ocrx_word' id='word_1_221' title='bbox 98 2575 221 2630; x_wconf 78' lang='lat' dir='ltr'><strong>teretur.</strong></span> <span class='ocrx_word' id='word_1_222' title='bbox 922 2609 924 2613; x_wconf 90' lang='lat'>.</span> 
     </span>
    </p>

    <p class='ocr_par' dir='ltr' id='par_1_6' title="bbox 18 2643 1082 3463">
     <span class='ocr_line' id='line_1_29' title="bbox 160 2643 1082 2722; baseline -0.008 -13"><span class='ocrx_word' id='word_1_223' title='bbox 160 2649 248 2709; x_wconf 76' lang='lat' dir='ltr'><strong>Gur.</strong></span> <span class='ocrx_word' id='word_1_224' title='bbox 261 2645 311 2709; x_wconf 74' lang='lat' dir='ltr'><strong>lit</strong></span> <span class='ocrx_word' id='word_1_225' title='bbox 333 2643 438 2708; x_wconf 86' lang='lat' dir='ltr'><strong>Postea</strong></span> <span class='ocrx_word' id='word_1_226' title='bbox 450 2647 590 2708; x_wconf 86' lang='lat' dir='ltr'><strong>Samnites</strong></span> <span class='ocrx_word' id='word_1_227' title='bbox 600 2646 744 2706; x_wconf 88' lang='lat' dir='ltr'><strong>Romanos</strong></span> <span class='ocrx_word' id='word_1_228' title='bbox 756 2645 787 2708; x_wconf 84' lang='grc' dir='ltr'><strong>Τ,</strong></span> <span class='ocrx_word' id='word_1_229' title='bbox 797 2644 915 2705; x_wconf 85' lang='lat' dir='ltr'><strong>Veturio</strong></span> <span class='ocrx_word' id='word_1_230' title='bbox 927 2652 956 2704; x_wconf 91' lang='lat' dir='ltr'><strong>et</strong></span> <span class='ocrx_word' id='word_1_231' title='bbox 962 2645 1012 2722; x_wconf 83' lang='lat' dir='ltr'><strong>Sp.</strong></span> <span class='ocrx_word' id='word_1_232' title='bbox 1025 2659 1082 2702; x_wconf 79' lang='lat' dir='ltr'><strong>sm.</strong></span> 
     </span>
     <span class='ocr_line' id='line_1_30' title="bbox 96 2727 1070 2810; baseline -0.008 -17"><span class='ocrx_word' id='word_1_233' title='bbox 96 2731 242 2797; x_wconf 86' lang='lat' dir='ltr'><strong>Postumio</strong></span> <span class='ocrx_word' id='word_1_234' title='bbox 255 2731 419 2810; x_wconf 86' lang='lat' dir='ltr'><strong>eoss.·apnd</strong></span> <span class='ocrx_word' id='word_1_235' title='bbox 431 2730 568 2792; x_wconf 80' lang='lat' dir='ltr'><strong>Furculas</strong></span> <span class='ocrx_word' id='word_1_236' title='bbox 579 2728 720 2790; x_wconf 81' lang='lat' dir='ltr'><strong>Caudinas</strong></span> <span class='ocrx_word' id='word_1_237' title='bbox 731 2730 869 2807; x_wconf 87' lang='lat' dir='ltr'><strong>angustiis</strong></span> <span class='ocrx_word' id='word_1_238' title='bbox 884 2728 1013 2787; x_wconf 80' lang='lat' dir='ltr'><strong>locorum</strong></span> <span class='ocrx_word' id='word_1_239' title='bbox 1023 2727 1070 2770; x_wconf 59' lang='grc' dir='ltr'>ιιι</span> 
     </span>
     <span class='ocr_line' id='line_1_31' title="bbox 97 2811 1013 2895; baseline -0.008 -19"><span class='ocrx_word' id='word_1_240' title='bbox 97 2816 252 2877; x_wconf 86' lang='lat' dir='ltr'><strong>eoneluses</strong></span> <span class='ocrx_word' id='word_1_241' title='bbox 270 2817 377 2895; x_wconf 79' lang='lat' dir='ltr'><strong>ingenti</strong></span> <span class='ocrx_word' id='word_1_242' title='bbox 393 2815 538 2876; x_wconf 90' lang='lat' dir='ltr'><strong>dedeoore</strong></span> <span class='ocrx_word' id='word_1_243' title='bbox 554 2815 683 2874; x_wconf 76' lang='lat' dir='ltr'><strong>viserunt</strong></span> <span class='ocrx_word' id='word_1_244' title='bbox 699 2822 728 2873; x_wconf 89' lang='lat' dir='ltr'><strong>et</strong></span> <span class='ocrx_word' id='word_1_245' title='bbox 746 2812 798 2872; x_wconf 89' lang='lat' dir='ltr'><strong>suh</strong></span> <span class='ocrx_word' id='word_1_246' title='bbox 816 2812 913 2890; x_wconf 90' lang='lat' dir='ltr'><strong>iugum</strong></span> <span class='ocrx_word' id='word_1_247' title='bbox 929 2811 1013 2870; x_wconf 90' lang='lat' dir='ltr'><strong>mise·</strong></span> 
     </span>
     <span class='ocr_line' id='line_1_32' title="bbox 96 2896 1013 2976; baseline -0.008 -15"><span class='ocrx_word' id='word_1_248' title='bbox 96 2908 171 2965; x_wconf 86' lang='lat' dir='ltr'><strong>runt.</strong></span> <span class='ocrx_word' id='word_1_249' title='bbox 197 2899 256 2960; x_wconf 84' lang='lat' dir='ltr'><strong>Pax</strong></span> <span class='ocrx_word' id='word_1_250' title='bbox 265 2909 358 2960; x_wconf 89' lang='lat' dir='ltr'><strong>tamen</strong></span> <span class='ocrx_word' id='word_1_251' title='bbox 369 2917 385 2960; x_wconf 91' lang='lat' dir='ltr'><strong>a</strong></span> <span class='ocrx_word' id='word_1_252' title='bbox 397 2907 497 2959; x_wconf 88' lang='lat' dir='ltr'><strong>senatu</strong></span> <span class='ocrx_word' id='word_1_253' title='bbox 509 2906 539 2957; x_wconf 88' lang='lat' dir='ltr'><strong>et</strong></span> <span class='ocrx_word' id='word_1_254' title='bbox 549 2896 663 2976; x_wconf 89' lang='lat' dir='ltr'><strong>populo</strong></span> <span class='ocrx_word' id='word_1_255' title='bbox 676 2896 842 2972; x_wconf 75' lang='lat' dir='ltr'><strong>summast,</strong></span> <span class='ocrx_word' id='word_1_256' title='bbox 865 2912 938 2973; x_wconf 86' lang='lat' dir='ltr'><strong>quae</strong></span> <span class='ocrx_word' id='word_1_257' title='bbox 951 2911 1013 2954; x_wconf 89' lang='lat' dir='ltr'><strong>oum</strong></span> 
     </span>
     <span class='ocr_line' id='line_1_33' title="bbox 96 2978 1082 3062; baseline -0.006 -19"><span class='ocrx_word' id='word_1_258' title='bbox 96 2984 170 3061; x_wconf 91' lang='lat' dir='ltr'><strong>ipsis</strong></span> <span class='ocrx_word' id='word_1_259' title='bbox 189 2991 307 3062; x_wconf 88' lang='lat' dir='ltr'><strong>prepter</strong></span> <span class='ocrx_word' id='word_1_260' title='bbox 321 2983 525 3043; x_wconf 74' lang='lat' dir='ltr'><strong>necessitatem</strong></span> <span class='ocrx_word' id='word_1_261' title='bbox 543 2981 617 3042; x_wconf 86' lang='lat' dir='ltr'><strong>faeta</strong></span> <span class='ocrx_word' id='word_1_262' title='bbox 629 2980 731 3043; x_wconf 88' lang='lat' dir='ltr'><strong>fuerat.</strong></span> <span class='ocrx_word' id='word_1_263' title='bbox 759 2978 862 3040; x_wconf 88' lang='lat' dir='ltr'><strong>Postea</strong></span> <span class='ocrx_word' id='word_1_264' title='bbox 874 2979 1012 3038; x_wconf 87' lang='lat' dir='ltr'><strong>Samnites</strong></span> <span class='ocrx_word' id='word_1_265' title='bbox 1026 3001 1082 3044; x_wconf 52' lang='lat' dir='ltr'><strong>an.</strong></span> 
     </span>
     <span class='ocr_line' id='line_1_34' title="bbox 18 3060 1071 3143; baseline -0.007 -16"><span class='ocrx_word' id='word_1_266' title='bbox 18 3126 24 3142; x_wconf 62' lang='grc'><em>,</em></span> <span class='ocrx_word' id='word_1_267' title='bbox 96 3068 166 3127; x_wconf 75' lang='lat' dir='ltr'><strong>vieti</strong></span> <span class='ocrx_word' id='word_1_268' title='bbox 182 3075 247 3126; x_wconf 87' lang='lat' dir='ltr'><strong>sunt</strong></span> <span class='ocrx_word' id='word_1_269' title='bbox 264 3084 281 3126; x_wconf 91' lang='lat' dir='ltr'><strong>a</strong></span> <span class='ocrx_word' id='word_1_270' title='bbox 296 3065 328 3130; x_wconf 84' lang='lat' dir='ltr'><strong>L.</strong></span> <span class='ocrx_word' id='word_1_271' title='bbox 338 3063 452 3143; x_wconf 85' lang='lat' dir='ltr'><strong>Papirio</strong></span> <span class='ocrx_word' id='word_1_272' title='bbox 469 3065 605 3141; x_wconf 78' lang='lat' dir='ltr'><strong>consule,</strong></span> <span class='ocrx_word' id='word_1_273' title='bbox 621 3074 734 3143; x_wconf 89' lang='lat' dir='ltr'><strong>septem</strong></span> <span class='ocrx_word' id='word_1_274' title='bbox 751 3063 828 3125; x_wconf 89' lang='lat' dir='ltr'><strong>milia</strong></span> <span class='ocrx_word' id='word_1_275' title='bbox 845 3078 944 3123; x_wconf 86' lang='lat' dir='ltr'><strong>eorum</strong></span> <span class='ocrx_word' id='word_1_276' title='bbox 960 3060 1013 3122; x_wconf 86' lang='lat' dir='ltr'><strong>sub</strong></span> <span class='ocrx_word' id='word_1_277' title='bbox 1024 3069 1071 3112; x_wconf 73' lang='grc' dir='ltr'>ιιι.</span> 
     </span>
     <span class='ocr_line' id='line_1_35' title="bbox 96 3140 1082 3229; baseline -0.008 -18"><span class='ocrx_word' id='word_1_278' title='bbox 96 3152 194 3229; x_wconf 86' lang='lat' dir='ltr'><strong>iugum</strong></span> <span class='ocrx_word' id='word_1_279' title='bbox 205 3151 300 3214; x_wconf 86' lang='lat' dir='ltr'><strong>missa.</strong></span> <span class='ocrx_word' id='word_1_280' title='bbox 316 3147 447 3226; x_wconf 85' lang='lat' dir='ltr'><strong>Papirius</strong></span> <span class='ocrx_word' id='word_1_281' title='bbox 457 3148 670 3211; x_wconf 84' lang='lat' dir='ltr'><strong>deSarnnitibus</strong></span> <span class='ocrx_word' id='word_1_282' title='bbox 681 3148 869 3225; x_wconf 84' lang='lat' dir='ltr'><strong>triumpharit.</strong></span> <span class='ocrx_word' id='word_1_283' title='bbox 888 3140 1082 3206; x_wconf 61' lang='lat' dir='ltr'><strong>uotam-⁸11·</strong></span> 
     </span>
     <span class='ocr_line' id='line_1_36' title="bbox 97 3209 1074 3319; baseline -0.011 -24"><span class='ocrx_word' id='word_1_284' title='bbox 97 3233 293 3312; x_wconf 82' lang='lat' dir='ltr'><strong>poreAppius</strong></span> <span class='ocrx_word' id='word_1_285' title='bbox 305 3231 557 3294; x_wconf 67' lang='lat' dir='ltr'><strong>claudianenses</strong></span> <span class='ocrx_word' id='word_1_286' title='bbox 569 3230 680 3310; x_wconf 77' lang='lat' dir='ltr'><strong>aquam</strong></span> <span class='ocrx_word' id='word_1_287' title='bbox 699 3229 843 3293; x_wconf 80' lang='lat' dir='ltr'><strong>Claudiam</strong></span> <span class='ocrx_word' id='word_1_288' title='bbox 861 3227 969 3290; x_wconf 88' lang='lat' dir='ltr'><strong>induxit</strong></span> <span class='ocrx_word' id='word_1_289' title='bbox 984 3234 1014 3286; x_wconf 89' lang='lat' dir='ltr'><strong>et</strong></span> <span class='ocrx_word' id='word_1_290' title='bbox 1024 3209 1074 3319; x_wconf 55' lang='lat'><strong>2⁴²⁰</strong></span> 
     </span>
     <span class='ocr_line' id='line_1_37' title="bbox 96 3305 1081 3396; baseline -0.007 -18"><span class='ocrx_word' id='word_1_291' title='bbox 96 3320 170 3378; x_wconf 71' lang='lat' dir='ltr'><strong>mam</strong></span> <span class='ocrx_word' id='word_1_292' title='bbox 185 3316 307 3396; x_wconf 80' lang='lat' dir='ltr'><strong>Appiam</strong></span> <span class='ocrx_word' id='word_1_293' title='bbox 318 3319 425 3378; x_wconf 82' lang='lat' dir='ltr'><strong>stravit.</strong></span> <span class='ocrx_word' id='word_1_294' title='bbox 458 3316 600 3377; x_wconf 86' lang='lat' dir='ltr'><strong>Samnites</strong></span> <span class='ocrx_word' id='word_1_295' title='bbox 611 3324 743 3394; x_wconf 86' lang='lat' dir='ltr'><strong>reparato</strong></span> <span class='ocrx_word' id='word_1_296' title='bbox 760 3313 838 3375; x_wconf 88' lang='lat' dir='ltr'><strong>bello</strong></span> <span class='ocrx_word' id='word_1_297' title='bbox 848 3312 884 3386; x_wconf 80' lang='lat' dir='ltr'><strong>Q.</strong></span> <span class='ocrx_word' id='word_1_298' title='bbox 898 3310 1014 3372; x_wconf 81' lang='lat' dir='ltr'><strong>Fabium</strong></span> <span class='ocrx_word' id='word_1_299' title='bbox 1024 3305 1081 3388; x_wconf 37' lang='grc' dir='ltr'><strong>,δι’</strong></span> 
     </span>
     <span class='ocr_line' id='line_1_38' title="bbox 96 3391 1013 3463; baseline -0.01 0"><span class='ocrx_word' id='word_1_300' title='bbox 96 3398 248 3463; x_wconf 70' lang='lat' dir='ltr'><strong>laniorum</strong></span> <span class='ocrx_word' id='word_1_301' title='bbox 263 3402 393 3462; x_wconf 83' lang='lat' dir='ltr'><strong>vieerunt</strong></span> <span class='ocrx_word' id='word_1_302' title='bbox 412 3400 504 3462; x_wconf 85' lang='lat' dir='ltr'><strong>tribus</strong></span> <span class='ocrx_word' id='word_1_303' title='bbox 524 3399 639 3461; x_wconf 84' lang='lat' dir='ltr'><strong>milibus</strong></span> <span class='ocrx_word' id='word_1_304' title='bbox 653 3400 796 3460; x_wconf 70' lang='lat' dir='ltr'><strong>hominnm</strong></span> <span class='ocrx_word' id='word_1_305' title='bbox 809 3397 925 3457; x_wconf 84' lang='lat' dir='ltr'><strong>oeeisis.</strong></span> <span class='ocrx_word' id='word_1_306' title='bbox 959 3391 1013 3455; x_wconf 83' lang='lat' dir='ltr'><strong>Po·</strong></span> 
     </span>
    </p>
   </div>
   <div class='ocr_carea' id='block_1_3' title="bbox 0 0 1164 3818">
    <p class='ocr_par' dir='ltr' id='par_1_7' title="bbox 0 0 1164 3818">
     <span class='ocr_line' id='line_1_39' title="bbox 0 0 1164 3818; baseline 0 1"><span class='ocrx_word' id='word_1_307' title='bbox 0 0 1164 3818; x_wconf 95' lang='lat' dir='ltr'><strong> </strong></span> 
     </span>
    </p>
   </div>
  </div>
 </body>
</html>
