2318 3818
446 221 642 282 tranant
756 267 759 273 .
961 223 1002 287 lt

86 386 176 460 cium,
199 387 242 444 sic
252 384 404 446 admiratus
416 395 477 460 est,
499 395 530 446 at
546 407 610 448 cum
627 403 1001 478 Qec·
1028 363 1074 453 7

84 469 248 547 puduisset,
273 477 371 546 quarta
388 478 467 548 parte
482 473 565 547 regni
577 472 717 550 promissa
735 468 890 532 sollicitare
901 473 1000 544 volne-
1022 478 1038 520 ὅ

84 554 130 628 rit,
143 559 173 610 ut
185 551 221 611 ad
233 553 412 630 retransiret,
421 562 659 633 contemptusque
670 552 825 615 aFabricic
833 565 888 616 est.
906 555 1001 628 Quare

85 652 149 695 cnm
165 634 289 710 Pyrrhus
308 636 415 713 ingenti
433 636 624 698 Romanorum
635 636 828 698 ,admiratione
844 647 999 716 teneretur,

84 718 209 796 legatum
225 720 316 794 misit,
337 721 386 796 qui
405 736 507 797 pacem
525 723 625 800 aequis
645 719 860 780 condicionibus
877 731 1000 799 peteret,

84 804 270 880 praecipuum
281 800 381 880 ιίιιιιιι,
395 802 652 880 cinnamomino,
667 804 706 862 ita
717 812 747 863 ut
757 803 881 879 Pyrrhus
893 813 1001 882 partem

83 883 193 961 ltaliae,
207 904 290 964 quam
304 887 359 947 iam
374 888 459 948 umis
471 895 673 966 occupaverat,
687 887 836 947 obtineret.

147 967 325 1032 Ganlllll.
348 969 406 1030 Pax
421 968 566 1048 displicuit
584 970 833 1049 remandatumque
852 969 961 1046 Pyrrho
983 990 1000 1031 a

84 1061 183 1113 senatu
195 1062 254 1129 est,
273 1068 343 1113 cum
361 1071 424 1113 cum
434 1054 586 1131 Romanis,
606 1055 661 1114 nisi
676 1072 713 1116 ex
723 1053 804 1114 ltalia
813 1056 998 1130 recessisset,

85 1152 185 1213 pacem
195 1137 303 1196 babere
313 1154 369 1197 nen
380 1155 478 1217 possa.
504 1138 575 1198 'lum
585 1138 704 1198 Romani
715 1139 858 1199 iusserunt
870 1139 999 1216 captivos

85 1235 200 1296 omnes,
224 1235 297 1299 quos
314 1219 437 1297 Pyrrhus
448 1220 625 1298 reddiderat,
646 1220 766 1282 infames
782 1222 897 1313 baberi,
923 1220 1000 1300 quod

84 1305 180 1363 armati
193 1306 258 1381 capi
268 1306 437 1382 potuissent,
451 1323 507 1365 nec
516 1314 582 1366 ante
593 1322 645 1365 ecs
654 1304 691 1364 ad
700 1314 828 1365 veterem
839 1315 941 1366 sutum
954 1323 1000 1364 re·

42 1408 45 1417 ¹
83 1389 168 1463 verti,
184 1405 268 1466 quam
279 1389 304 1446 si
316 1389 446 1449 binorum
457 1389 581 1448 hostium
596 1390 758 1448 occisorum
776 1388 869 1465 spolia
886 1387 999 1446 retulis-

84 1479 157 1530 sent.
179 1468 222 1529 Ita
232 1469 344 1547 legatus
358 1471 457 1546 Pyrrhi
468 1484 603 1531 reversas
622 1479 676 1532 est.
698 1470 792 1549 Aqua
806 1488 869 1530 cum
880 1488 999 1548 quaerc-

83 1560 128 1612 rct
140 1552 274 1629 Pyrrhus,
292 1555 413 1632 qualem
427 1553 556 1616 Romam
569 1556 776 1632 comperisset,
799 1552 903 1614 Cineas
916 1553 996 1629 dixit,

84 1656 192 1718 repam
206 1657 240 1698 ae
250 1640 388 1715 patriam
402 1639 518 1700 cidisse
526 1661 540 1707 ,·
561 1639 681 1700 sedicet
691 1639 770 1699 talea
779 1639 845 1699 ttttc
853 1638 922 1716 fere
935 1657 997 1699 om·

83 1722 270 1799 aen-pacida
289 1742 369 1784 anua
390 1720 530 1802 Pyrrhus
547 1723 634 1800 apud
651 1719 780 1800 Epirum
799 1730 828 1784 et
849 1722 999 1799 reliquam

84 1805 250 1866 Graeciam
257 1812 433 1883 putaretur.
456 1805 493 1884 (V
494 1803 565 1881 111.)
578 1803 659 1864 biisai
674 1813 739 1864 sunt
756 1813 854 1865 contra
864 1803 999 1879 Pyrrhum
1012 1821 1067 1865 nu.

84 1885 173 1947 duces
191 1886 222 1950 Ρ.
239 1887 383 1965 Sulpicius
403 1897 432 1948 et
447 1887 555 1948 Decius
567 1886 648 1963 tius,
668 1886 811 1947 consules.
837 1887 997 1947 Certamine
1008 1890 1054 1933 ⁴²³·

85 1972 239 2031 commisso
249 1969 372 2048 Pyrrhum
387 1971 550 2032 vulneratus
563 1979 619 2047 est,
631 1969 775 2048 elephanti
789 1970 942 2044 interiecti,
960 1989 999 2032 xx

83 2053 160 2115 milia
176 2071 261 2115 caesa
271 2055 405 2131 besdum,
425 2065 454 2116 et
465 2073 502 2114 ex
511 2054 646 2115 Romanis
660 2063 765 2115 tantum
777 2057 902 2134 quinque
912 2054 997 2116 milia.

83 2137 206 2215 Pyrrhus
217 2137 368 2198 Tarentum
379 2138 503 2217 fugatus·
655 2197 659 2207 ,

146 2222 231 2284 (lar.
242 2220 318 2284 XIV.
341 2221 494 2283 interiecto
506 2240 580 2283 anne
592 2230 690 2283 cantra
700 2220 835 2297 Pyrrhum
847 2219 996 2281 Fabricius
1009 2235 1065 2278 aa.

83 2315 128 2366 est
138 2307 260 2382 missus,
279 2307 327 2384 qui
338 2308 417 2384 prius
429 2309 503 2366 inter
512 2304 625 2382 legatos
637 2304 783 2364 sollicitari
799 2321 857 2364 ncn
869 2312 999 2382 potuerat
1010 2304 1056 2346 ⁴⁷⁴·

84 2398 182 2468 quarta
193 2398 273 2466 parte
287 2391 530 2467 regnipromissa.
553 2386 633 2462 Tum,
651 2402 715 2446 cum
724 2389 817 2449 vicina
829 2395 920 2447 castra
935 2389 999 2464 ipse

83 2482 173 2532 etrex
187 2472 339 2547 baberent,
359 2471 487 2531 medicus
497 2469 595 2546 Pyrrhi
606 2469 642 2530 ad
653 2488 717 2529 eum
728 2479 812 2529 nacte
824 2471 912 2546 venit,
933 2487 999 2548 prc-

83 2556 195 2616 mittens
206 2574 240 2616 se
251 2570 362 2614 venena
374 2553 509 2630 Pyrrhum
526 2556 697 2630 occisurum,
716 2555 740 2614 si
753 2554 807 2613 sibi
818 2553 925 2632 aliquid
936 2553 998 2633 pcl-

83 2639 231 2714 liceretur,
255 2656 340 2717 quem
353 2637 499 2699 Fabricius
516 2640 640 2699 vinctum
656 2637 755 2698 reduci
767 2639 849 2699 iussit
859 2636 895 2697 ad
909 2637 998 2698 domi·

82 2741 148 2783 num
159 2719 325 2801 Pyrrheum
337 2723 404 2797 dici,
426 2741 500 2802 quac
512 2730 609 2782 contra
621 2730 706 2800 caput
717 2724 780 2781 aius
792 2720 920 2780 medicus
930 2738 999 2799 spo·

83 2806 246 2884 pandisset.
280 2806 358 2867 'lunc
374 2825 427 2868 rex
443 2806 594 2867 admiratus
613 2823 678 2865 enm
689 2804 795 2864 dixisse
810 2804 912 2864 iertur:
943 2803 1000 2866 itte

84 2897 130 2951 est
141 2888 323 2965 Fabricius,
344 2893 397 2968 pai
409 2890 618 2969 diffieiticacb
634 2890 799 2963 honestate,
818 2904 911 2966 pacm
921 2892 967 2951 aot
978 2907 999 2949 c

84 2991 179 3034 cursu
189 2991 245 3034 etta
256 2977 355 3034 everti
370 2982 477 3051 potest.
509 2970 579 3032 Tum
594 2990 647 3034 rex
662 2970 698 3033 ad
709 2971 834 3032 Siciliam
850 2971 998 3049 proiectus
1011 2973 1067 3016 Mi·

83 3065 138 3118 est.
172 3055 320 3116 Fabricius
336 3059 421 3116 victis
438 3056 608 3118 Samnitibus
626 3065 655 3116 et
670 3055 790 3116 Lucanis
807 3057 996 3134 triumphavit.
1008 3041 1055 3151 Ἐξ·

84 3138 228 3201 Consules
246 3139 350 3200 deinde
370 3137 472 3201 Curius
493 3141 631 3200 Dentatus
650 3148 679 3199 et
696 3138 846 3200 Cornelius
864 3138 999 3199 Lentulus
1050 3139 1056 3152 ’

83 3223 220 3285 adversus
239 3221 376 3300 Pyrrhum
392 3225 471 3284 missi
489 3233 562 3284 sunt.
591 3222 694 3284 Curius
707 3232 804 3284 contra
816 3242 880 3283 eum
891 3240 998 3300 pugna·

81 3309 134 3384 vit,
155 3308 313 3369 exercitum
329 3310 391 3367 eius
403 3308 517 3384 eccidit,
536 3310 629 3386 ipsum
641 3307 791 3368 Tarentum
806 3308 930 3384 fugavit,
952 3323 998 3366 ca-
1080 3306 1089 3323 ⁶

84 3399 142 3451 stra
160 3394 247 3470 cepit.
275 3391 382 3453 Fadia
401 3409 487 3452 caesa
506 3393 630 3453 bostium
646 3410 719 3453 auru
730 3390 816 3452 milia.
851 3388 953 3449 Curius
970 3391 999 3449 in
