2318 3818
385 199 392 276 Ῐ
420 196 423 202 ’
453 201 647 340 crusna.
861 325 862 329 .
960 238 1000 305 71

159 403 245 464 Car.
261 402 393 464 XXVIII.
422 405 618 468 Diocletianus
639 408 801 485 privatusin
819 407 903 485 villa,
927 426 1001 486 quae

92 485 167 546 haud
176 488 276 564 procul
287 507 303 548 a
315 489 499 565 Saloninam,
518 490 664 569 praeclaro
676 493 734 551 otio
747 493 850 568 senuit,
871 493 1000 555 Inusitata

92 571 194 630 virtute
201 591 280 649 usus,
294 581 324 631 ut
335 572 413 633 solus
424 575 546 634 omniurn
560 583 626 653 post
637 575 777 636 conditum
786 574 940 636 Romanurn
952 577 1002 636 im-

93 657 202 731 perium
220 665 348 716 extante
370 657 485 736 fastigio
503 669 606 735 sponte
625 659 659 719 ad
674 662 800 738 privatae
811 661 885 719 vitae
902 668 1001 720 statum

93 738 469 820 uirilitatcmqueremearct.
494 740 620 822 Contrgrt
630 746 760 822 rgrturei,
772 743 923 822 quoduulli
935 753 1002 822 post

92 830 174 882 natos
186 823 324 903 homiues,
340 835 370 885 ut
381 845 445 886 cum
456 828 580 904 privatus
596 829 715 905 obisset,
729 828 898 888 interDIros
908 836 1001 889 tamen

92 906 256 969 referretur.

424 1089 668 1100 —-—.-—-...

319 1253 779 1352 urunuuuurrrus.
864 1212 866 1216 ’

491 1384 601 1394 ι...-

411 1462 722 1536 uacuururuu.'

144 1581 168 1633 l.
189 1583 289 1648 Imperii
307 1586 397 1636 divisio
415 1590 479 1638 inter
497 1588 668 1639 Constantium
688 1593 712 1634 et
724 1583 849 1634 Galerium
867 1584 1003 1649 assumptis

91 1651 191 1701 duobus
210 1650 358 1704 Caesaribus
382 1655 517 1708 Maximino
541 1665 565 1706 et
588 1655 690 1705 Severo.
725 1651 752 1703 2.
770 1651 914 1704 Constantio
936 1667 1003 1711 mor-

90 1728 133 1770 tuo
153 1719 330 1772 Constantinus
353 1724 379 1774 iu
395 1726 523 1776 Britannia
546 1733 643 1774 creatur
665 1724 814 1787 imperator,
836 1721 933 1772 Rornae
949 1721 1003 1771 Μα-

90 1790 206 1849 xentius,
228 1790 427 1853 filinsHerculiI‚
452 1798 496 1858 qui
518 1795 577 1844 inde
600 1794 633 1841 ad
650 1807 721 1857 spem
737 1791 882 1840 resumendi
903 1791 1003 1856 Imperii

91 1857 204 1922 angitur.
239 1857 347 1908 Severus
372 1869 457 1911 contra
479 1863 634 1911 Maxentium
656 1861 750 1908 missus
771 1875 787 1908 a
809 1861 863 1909 suis
883 1859 1002 1909 desertus

90 1926 244 1979 interficitur.
273 1923 300 1979 3.
316 1927 425 1979 Herculii
442 1939 501 1996 post
518 1932 600 1981 irritos
622 1936 724 1979 conatus
745 1935 831 1977 contra
847 1926 1002 1977 Maxentium

91 2002 115 2044 et
133 1992 323 2045 Constantinum
340 1998 464 2053 iuteritus.
482 2001 544 2050 Eius
561 2014 654 2048 mares.
683 1993 710 2049 4.
729 1996 841 2046 Licinius
859 2012 875 2045 a
893 1995 1000 2057 Galerio,

90 2064 134 2127 qui
150 2063 301 2128 paulopost
318 2068 435 2128 moritur,
454 2069 481 2119 fit
498 2071 642 2134 imperator.
672 2066 735 2115 Hinc
751 2081 805 2115 rem
821 2065 948 2130 publicam
963 2073 1000 2114 tc-

90 2140 149 2181 uent
167 2139 274 2195 quatuor
290 2134 462 2199 imperatores,
474 2137 661 2195 Constantinus,
679 2130 830 2194 Maxentius
846 2134 958 2184 Licinius
976 2141 1001 2183 et

89 2200 250 2253 Mardmiuus.
279 2200 419 2254 Maxentius
435 2221 481 2271 per
493 2205 681 2256 Constantinum
700 2203 856 2270 opprimitur.
886 2202 1001 2252 Maximi-

88 2285 136 2319 nus
154 2271 277 2321 adversus
295 2273 418 2323 Licinium
430 2290 508 2324 novas
524 2290 565 2323 res
576 2274 678 2323 molitus
694 2275 797 2321 exitium
808 2271 911 2321 fortuita
921 2279 1001 2320 morte

87 2341 226 2403 praeuenit.
234 2339 269 2395 ,5.
279 2338 305 2392 6.
315 2341 425 2391 Licinius
435 2342 619 2392 atlonstantino
630 2342 711 2390 victus
718 2340 847 2391 occiditur.
863 2339 924 2389 Inde
932 2354 1001 2388 sum-

88 2421 146 2456 mae
162 2422 248 2456 rerum
264 2423 329 2458 unus
347 2408 524 2461 Constantinus
546 2417 659 2477 praeest,
679 2410 722 2472 qui
741 2424 807 2459 novo
825 2407 908 2457 adhuc
930 2423 1000 2458 more

88 2483 140 2525 tres
159 2473 280 2525 Caesares
293 2486 369 2531 creat.
405 2477 430 2529 t.
449 2478 475 2532 8.
495 2479 650 2530 Constantini
666 2493 748 2527 mores
766 2477 900 2527 Insolentiae
916 2492 999 2527 rerum

89 2545 257 2595 secandarum
275 2547 301 2595 iu
320 2546 430 2597 deterius
447 2550 536 2599 mutati
554 2557 578 2598 et
594 2547 689 2606 studia;
707 2548 763 2612 ipse
773 2545 867 2597 bellum
878 2539 1000 2596 aduersus

88 2612 192 2664 Parthos
210 2614 316 2666 moliens
334 2617 447 2670 moritur.
470 2614 564 2672 9-13.
584 2616 725 2667 Succedunt
740 2623 792 2665 tres
805 2617 859 2665 eius
870 2615 923 2676 lllil,
936 2615 1000 2666 Gon-

88 2684 231 2744 stantinus,
249 2682 371 2735 Constans
389 2693 414 2736 et
433 2685 593 2738 Constantius
613 2701 669 2736 oum
686 2684 819 2744 Dalmatio,
838 2685 921 2734 fratris
939 2685 999 2745 filio,

89 2753 221 2815 aquibus,
239 2768 296 2803 cum
315 2756 391 2805 ceteri
406 2756 531 2806 interlecti
548 2762 646 2815 essent,
662 2760 775 2804 remanet
791 2753 860 2802 salus
879 2751 999 2803 Constan-

90 2820 150 2879 tius,
169 2822 212 2883 qai
228 2823 292 2872 male
309 2832 406 2890 pugnat
426 2832 512 2874 contra
528 2825 626 2885 Persas,
644 2824 821 2872 Vetranionem
836 2822 957 2886 opprimit
974 2829 1000 2871 et

89 2884 271 2954 Magnentium,
288 2894 359 2942 cuius
377 2893 454 2942 duces
472 2901 545 2943 autea
562 2893 737 2959 NepotIanum,
753 2890 849 2940 Romae
865 2891 1000 2956 imperato-

88 2971 142 3007 rem
159 2957 262 3020 l'actum,
281 2960 464 3022 interfecerant,
477 2960 633 3025 Gallumque,
651 2975 726 3025 quem
742 2960 797 3026 lpse
810 2958 943 3010 Gaesarem
961 2960 998 3010 l'e-

89 3033 170 3087 cerat,
195 3034 254 3092 post
271 3029 370 3080 occidit.
393 3027 508 3082 Silvanus
533 3033 560 3082 in
578 3031 658 3081 Gallia
673 3044 752 3080 novas
772 3044 813 3079 res
831 3029 936 3080 moliens
955 3043 999 3078 ex-

88 3096 233 3162 stinguitur.
262 3093 303 3148 14.
323 3097 482 3151 Constantius
497 3100 620 3151 Iulianum
638 3099 770 3149 Gaesarem
788 3099 861 3159 lacit,
879 3099 923 3161 qui
939 3112 999 3148 cau·

88 3172 128 3214 tra
145 3163 230 3214 Gallos
248 3173 273 3216 et
287 3166 441 3218 Alamannos
459 3171 551 3220 missus
574 3169 677 3235 egregia
696 3183 738 3218 res
759 3170 833 3235 gerit
865 3166 998 3219 15.1u1ic-
1009 3158 1021 3181 '

87 3248 137 3286 aus
155 3248 172 3284 a
188 3233 445 3302 militibusAugustus
462 3239 630 3298 renuntiatur,
650 3252 700 3302 qua
714 3253 742 3288 re
759 3237 859 3302 cognita
876 3233 997 3285 Constan-

87 3304 148 3364 tius,
167 3318 225 3354 cum
243 3305 337 3355 omisso
348 3305 448 3356 Persico
463 3307 529 3359 bello
547 3315 632 3358 contra
651 3321 709 3356 euru
725 3305 852 3372 protectus
869 3311 949 3363 esset,
969 3305 996 3352 in

88 3369 177 3422 itinere
194 3373 255 3428 obit.
289 3373 351 3425 Eius
366 3387 458 3425 mores.
494 3373 536 3427 16.
553 3376 643 3426 Iuliani
658 3381 743 3425 contra
759 3373 849 3423 Persas
861 3372 998 3438 expeditio,

89 3438 117 3489 ln
127 3452 183 3502 Ilm
197 3440 284 3495 hostili
301 3457 378 3497 mauu
394 3443 548 3499 interficitur.
570 3445 634 3497 dtus
650 3443 749 3504 laudes,
764 3442 848 3493 mores
859 3449 886 3492 st
895 3440 996 3493 'studis-
