2318 3818
454 214 647 272 LIBERV.
966 209 1008 273 35

93 378 256 457 respondit,
280 379 334 437 nisi
354 396 406 439 rex
415 379 524 440 relictis
540 381 591 456 iis,
611 395 684 455 quae
696 387 896 455 occupaverat,
913 376 949 438 ad
962 397 1007 438 re·

93 481 178 540 gnum
198 480 279 520 suurn
294 461 426 523 redisset.
456 460 561 523 Postea
576 473 669 522 tamen
685 460 721 521 ad
738 460 912 540 colloquium
923 462 1006 521 ambo
1014 471 1069 514 Ao.

92 555 238 606 venerunt.
270 543 328 604 Pax
345 546 487 606 intereos
505 546 630 607 ordinata
641 553 701 621 est,
720 553 750 603 ut
761 545 840 605 Sulla
853 545 888 605 ad
902 545 1008 604 bellum
1019 541 1063 583 θω-

94 628 178 689 civile
190 629 326 689 festinans
338 646 353 688 a
365 638 448 708 tergo
464 630 621 708 periculum
640 645 699 691 non
708 627 834 692 haberet.
858 627 924 708 (V.)
936 627 1008 688 Nam
1128 703 1131 709 Ι

94 712 159 771 dum
171 711 248 771 Sulla
258 714 287 770 in
294 711 401 772 Achaia
412 723 497 792 atque
508 713 576 772 Asia
586 711 774 772 Mithridatem
782 713 879 789 vincit,
886 712 1002 789 illarius,
1012 738 1067 780 nu,

94 797 142 874 qui
155 795 268 872 fugatus
281 804 356 871 erat,
380 806 408 856 et
421 795 571 856 Cornelius
583 795 682 869 Cinna,
697 814 767 854 unus
783 795 1005 871 exconsulibus,
1018 806 1064 848 66⁵·

94 878 200 939 bellum
211 880 238 938 in
250 877 331 939 ltalia
341 889 505 958 repararunt
516 889 545 939 et
554 880 677 958 ingressi
689 879 787 938 urbem
797 877 916 940 Romam
927 880 1008 939 nobi·

92 963 219 1022 lissimos
231 981 267 1022 ex
283 971 381 1022 senatu
393 973 421 1022 et
433 963 597 1024 consulares
608 965 686 1023 viros
702 963 920 1038 interfecerunt,
938 962 1008 1022 mul-

92 1056 139 1106 tos
163 1047 410 1123 proscripserunt,
433 1049 523 1124 ipsius
542 1047 638 1107 Sullae
659 1046 743 1106 domo
766 1063 867 1106 eversa
886 1045 960 1106 lilios
980 1055 1009 1106 et

93 1145 210 1188 uxorem
222 1128 257 1189 ad
269 1129 364 1206 lugam
376 1131 580 1208 compulerunt.
606 1130 761 1190 Universos
780 1129 907 1209 reliquus
926 1148 1007 1190 sena·

93 1221 139 1272 tus
153 1230 190 1272 ex
201 1212 270 1271 urbe
286 1213 398 1290 lugiens
416 1214 451 1274 ad
463 1214 569 1275 Sullam
587 1216 616 1274 in
635 1212 781 1274 Graeciam
798 1215 892 1289 veuit,
912 1230 1006 1288 orans,

93 1304 123 1354 ut
134 1297 241 1374 patrias
254 1283 425 1360 subveniret.
454 1297 507 1357 llle
524 1301 556 1358 in
567 1296 675 1358 ltaliam
691 1299 818 1372 traiecit,
841 1296 947 1356 bellum
969 1298 1008 1355 ci-

92 1379 149 1438 vile
164 1389 297 1456 gesturus
310 1380 447 1440 adversus
459 1381 622 1440 Norbanum
641 1390 669 1439 et
681 1381 847 1457 Scipionem
864 1380 1007 1440 consules.

92 1461 129 1520 Et
149 1464 239 1539 primo
257 1462 367 1540 proelio
386 1473 482 1523 contra
501 1463 663 1523 Norbanum
679 1463 820 1522 dimicavit
842 1479 898 1522 nou
920 1462 1069 1540 longono.

92 1563 109 1605 a
124 1545 232 1622 Capua.
258 1544 329 1604 Tum
341 1564 381 1605 vu
395 1547 470 1606 milia
482 1549 544 1606 eius
557 1546 671 1622 cecidit,
688 1566 717 1606 vu
730 1545 805 1607 milia
818 1547 904 1623 cepit,
923 1565 1009 1607 cxxiv
1018 1543 1064 1586 ⁰⁶⁹·

93 1646 206 1689 suorum
219 1631 319 1690 amisit.
355 1629 425 1692 lnde
438 1632 521 1690 etiam
538 1631 573 1690 ad
585 1631 750 1708 Scipionem
768 1648 800 1688 se
820 1631 960 1690 convertit
979 1638 1009 1690 et

92 1723 156 1772 ante
167 1712 307 1791 proelium
318 1722 407 1774 totum
419 1717 481 1775 eius
494 1716 650 1775 exercitum
661 1717 723 1775 sine
734 1717 871 1791 sanguine
884 1715 912 1773 in
929 1713 1007 1773 dedi·

93 1799 200 1855 tionem
215 1798 337 1873 accepit.

156 1879 242 1938 Cur.
253 1877 332 1938 Vlll.
363 1878 421 1938 Sed
438 1898 502 1939 curn
513 1878 623 1939 Romae
638 1881 734 1939 mutati
747 1879 881 1938 consules
897 1888 1005 1956 essent,
1019 1911 1067 1959 A„

91 1959 207 2037 illarius,
227 1961 413 2039 Martinus,
433 1981 467 2023 ac
479 1962 606 2042 Papirius
621 1961 713 2024 Carbo
733 1961 908 2022 consulatum
923 1979 1006 2022 acce·
1023 1980 1070 2023 oro.

92 2047 212 2124 pisseut‚
227 2045 305 2105 Sulla
317 2056 414 2106 contra
424 2046 542 2107 lilerium
558 2049 695 2108 iuniorem
713 2047 855 2106 dimicavit
871 2054 899 2105 ct
910 2065 947 2104 rx
957 2049 1008 2106 mi·

91 2129 166 2189 libus
181 2132 243 2189 eius
260 2132 365 2190 occisis
377 2152 451 2192 ccco
464 2131 500 2190 de
512 2133 571 2190 suis
585 2131 716 2209 perdidit.
737 2129 806 2190 llox
818 2131 902 2190 etiarn
910 2131 1008 2190 urbem

92 2214 241 2290 ingressus
255 2222 308 2274 est.
339 2213 467 2290 diarium,
482 2214 562 2275 blarii
576 2214 673 2291 iulium,
686 2214 859 2275 Praenesten
871 2231 1007 2291 persecu·

73 2305 136 2356 ‘tus
154 2297 267 2357 obsedit
285 2306 313 2356 et
330 2297 365 2357 ad
381 2308 501 2357 mortem
512 2298 656 2375 compulit.
690 2297 800 2356 Rursus
812 2314 1007 2373 pugnamgra-

90 2382 234 2440 vissimam
251 2380 349 2440 habuit
367 2390 463 2440 contra
478 2379 661 2459 lamponium
679 2390 708 2439 et
720 2379 894 2449 Gariuatem,
919 2378 1008 2438 duces

91 2464 180 2540 partis
196 2462 357 2538 Marianae,
377 2463 411 2523 ad
429 2473 537 2541 portam
550 2462 697 2524 Collinam.
725 2482 781 2524 nux
792 2461 867 2522 milia
884 2462 1008 2522 hostium

90 2549 119 2605 iu
137 2562 173 2605 eo
189 2545 300 2625 proelio
314 2555 411 2608 contra
422 2547 527 2607 Sullam
544 2548 636 2607 fuisse
649 2546 786 2609 dicuntur.
818 2565 861 2606 nrt
879 2545 956 2606 milia
973 2564 1006 2606 se

91 2629 187 2690 Sullae
199 2630 376 2708 dediderunt,
396 2634 484 2692 ceteri
496 2634 524 2692 iu
535 2634 608 2707 acie,
622 2633 774 2706 incastris,
788 2632 816 2689 in
828 2630 911 2706 iuga,
932 2633 1006 2690 insa-

89 2714 179 2774 tiabili
194 2717 235 2774 ira
245 2717 363 2775 victoris
381 2719 540 2794 consumpti
553 2724 626 2777 sunt.
644 2713 724 2798 (Vl.)
748 2711 799 2774 (lu.
813 2729 927 2790 quoque
941 2711 1006 2773 (iar-

89 2797 140 2873 bo,
152 2799 344 2875 consolabor,
357 2796 524 2881 ab'brirpino
536 2799 572 2860 ad
578 2799 703 2859 Siciliam
715 2799 787 2875 fugit
799 2805 828 2854 et
840 2796 879 2855 ibi
892 2814 944 2873 per
956 2793 1006 2858 Cu.

90 2879 256 2959 Pompeium
272 2883 438 2943 interiectus
460 2891 519 2959 est,
540 2901 625 2962 quem
641 2882 853 2942 adolescentem
872 2879 950 2938 Sulla
967 2889 1007 2939 at·

91 2981 148 3043 que
169 2982 259 3025 annos
274 2984 358 3024 unum
377 2975 405 3025 et
425 2967 524 3043 viginti
543 2975 638 3026 natum
655 2967 769 3043 cognita
790 2965 852 3023 eius
870 2962 1006 3024 industria

89 3051 174 3193 thautis
200 3048 372 3109 exercitibus
396 3050 590 3127 praefecerat,
618 3057 648 3107 ut
670 3048 812 3107 secundus
831 3065 846 3107 a
866 3046 943 3106 Sulla
959 3048 1007 3106 ha·

111 3142 215 3195 eretur.
288 3179 296 3192 ,
912 3166 915 3170 -

158 3217 242 3279 Car.
255 3215 306 3276 lX.
324 3215 431 3276 Occiso
443 3234 513 3294 ergo
527 3214 791 3277 CarboneSiciliam
797 3213 950 3289 Pompeius
963 3229 1006 3270 re-

91 3303 178 3380 cepit.
206 3299 414 3378 Transgressus
428 3300 493 3360 inde
505 3300 539 3361 ad
552 3301 677 3361 Africam
684 3299 853 3370 Domitium,
866 3293 1008 3355 Marianae

90 3387 179 3461 partis
191 3385 303 3463 ducem,
317 3393 346 3445 et
357 3383 503 3460 Hiertam,
520 3403 619 3462 regem
629 3383 819 3444 Mauretaniae
817 3422 837 3524 ἐ
852 3380 900 3499 pui
910 3377 1007 3438 Domi·
