2318 3818
444 220 589 299 cioca
611 222 659 278 vu.
963 216 1003 280 53

583 351 586 358 ·
886 343 894 368 e

160 381 247 443 (lar.
262 380 354 442 XXll.
376 381 430 442 Per
441 383 512 443 baec
524 385 655 444 inusitato
666 383 762 444 lavore
775 382 893 444 dilectus
905 387 1003 445 morbo

95 467 181 544 periit
198 467 281 543 inea,
301 484 356 544 qna
367 475 457 544 pater,
467 467 542 527 ¹villa
556 457 621 546 post
635 467 786 544 biennium,
799 484 913 528 menses
925 479 1002 546 octo,

95 549 157 610 dies
168 569 215 626 nu,
233 570 315 629 quam
326 552 479 628 imperator
490 561 549 621 erat
560 552 662 627 iactus,
674 553 773 611 aetatis
785 570 856 612 anno
871 552 960 613 altero
976 562 1004 613 et

95 633 322 712 quadragesimo.
355 634 458 694 Tantus
470 635 562 694 luctus
574 653 610 694 co
623 646 733 695 mortuo
745 636 876 714 publicus
891 637 957 713 luit,
974 646 1004 697 ut
1069 661 1073 671 ·

94 735 192 777 omnes
203 728 333 796 tanquam
343 721 371 778 in
382 719 641 798 propriadolucrint
649 721 777 780 orbitate.
799 720 1003 781 Senatusobitu

93 804 185 880 ipsius
203 805 278 862 circa
293 821 444 881 vesperam
456 805 582 864 nuntiato
596 804 681 864 nocte
701 806 801 882 irrupit
814 806 842 864 in
856 807 960 865 curiam
976 815 1004 864 et

91 895 181 945 tantas
196 888 222 946 ei
238 897 347 947 mortuo
359 887 458 948 laudes
468 890 631 966 'gratiasque
647 890 803 966 congessit,
821 898 938 967 quantas
949 906 1003 947 nec

91 973 157 1029 vivo
169 989 290 1050 unquam
302 981 400 1050 egerat
410 989 465 1031 neo
476 974 629 1050 praesenti.
650 970 821 1032 lnterDivos
833 971 938 1032 relatus
949 980 1001 1031 est.

155 1056 241 1115 (lar.
256 1054 363 1116 XXIII.
382 1055 475 1136 (XV.)
507 1056 683 1131 Domitianus
704 1071 770 1115 mox
786 1059 897 1134 accepit
914 1059 1002 1134 impe·

90 1140 173 1214 rium,
186 1139 272 1199 irater
286 1141 376 1218 ipsius
387 1142 494 1216 iunior,
513 1140 619 1200 Neroni
634 1149 681 1200 aut
697 1138 843 1218 Caligulae
858 1150 905 1200 aut
918 1138 1002 1200 Tibe·

73 1251 76 1257 ·
90 1224 134 1282 rio
148 1223 275 1300 similior,
292 1241 374 1302 quam
386 1228 457 1302 patri
471 1225 518 1283 vel
530 1225 607 1283 fratri
622 1242 684 1284 suo.
705 1223 804 1284 Primis
816 1233 909 1285 tamen
924 1226 1003 1283 annis

90 1307 250 1367 moderatus
265 1310 294 1367 in
304 1311 423 1386 imperio
436 1308 503 1385 luit,
524 1325 590 1367 mox
602 1309 636 1367 ad
647 1311 771 1386 ingentia
783 1310 850 1367 vitia
868 1325 1002 1386 progres-

91 1409 151 1466 sus,
166 1391 300 1468 libidinis,
315 1392 487 1467 iracundiae,
503 1390 687 1467 crudelitatis,
700 1393 843 1467 avaritiae,
860 1400 964 1450 tanturn
975 1393 1003 1450 in

91 1493 125 1533 se
136 1472 193 1533 odii
208 1476 376 1550 concitavit,
401 1484 431 1534 ut
447 1477 545 1547 merita
563 1483 591 1533 et
607 1477 694 1552 patris
715 1485 744 1534 et
758 1474 852 1534 fratris
866 1475 1002 1535 aboleret.

90 1557 237 1618 Interiecit
252 1559 445 1618 nobilissimos
463 1577 499 1618 ex
518 1567 624 1620 senatu.
663 1559 813 1618 Dominum
831 1576 863 1619 se
881 1569 910 1618 et
921 1558 1003 1619 deum

91 1645 197 1721 primus
209 1642 345 1720 appellari
358 1645 448 1703 iussit.
471 1641 582 1702 Nullam
600 1643 653 1702 sibi
665 1644 718 1702 nisi
731 1661 844 1702 auream
860 1651 888 1702 et
903 1660 1002 1720 argen-

89 1736 162 1787 team
180 1731 297 1787 statuam
313 1729 342 1786 in
359 1725 500 1805 Capitolio
518 1729 585 1804 poni
597 1743 699 1805 passus
718 1734 771 1788 est.
807 1725 1001 1787 consobrinos
1025 1739 1027 1744 ·

90 1828 159 1870 suos
171 1811 323 1870 interfecit.
357 1810 496 1889 Superbia
513 1828 627 1888 quoque
645 1813 672 1869 in
688 1827 723 1870 eo
736 1811 922 1870 exsecrabilis
938 1810 1000 1870 luit.

89 1893 296 1973 Expeditiones
314 1902 434 1972 quatuor
451 1894 563 1968 babuit,
590 1911 671 1952 unam
689 1893 837 1962 adversum
849 1894 1000 1970 Sarmatas,
1036 1947 1042 1949 ,

89 1978 205 2039 alteram
221 1977 370 2037 adversum
386 1976 494 2053 Cattos,
511 1977 580 2036 duas
591 1976 739 2036 adversum
752 1977 857 2037 Dacos.
888 1977 933 2036 lle
944 1977 1000 2037 Da·

89 2065 131 2122 cis
148 2059 296 2140 Gattisque
307 2061 448 2139 duplicem
463 2061 632 2139 triumphum
649 2063 720 2139 egit,
746 2061 782 2121 de
801 2061 933 2121 Sarmatis
955 2079 1001 2121 so·

88 2147 143 2207 lam
159 2147 282 2207 lauream
293 2149 449 2225 usurpavit.
468 2144 571 2206 blultas
586 2145 700 2224 quidem
712 2144 885 2206 calamitates
900 2145 1001 2205 iisdem

87 2231 172 2291 bellis
187 2249 289 2309 passus
301 2239 355 2291 est.
395 2230 467 2290 Nam
483 2229 657 2290 inSarmatia
673 2229 752 2307 legio
769 2232 912 2306 eiuslcum
930 2230 1002 2289 duce

88 2316 238 2375 interiecta
255 2324 283 2374 et
294 2315 408 2374 abacis
420 2313 531 2392 Oppius
543 2313 663 2372 Sabinus
678 2313 835 2373 consularis
854 2322 882 2372 et
895 2311 1001 2372 Corne·

87 2398 143 2458 lius
153 2397 275 2473 Fuscus,
287 2398 450 2476 praelectus
462 2399 615 2476 praetorio,
635 2415 701 2455 cum·
709 2399 817 2474 magnis
828 2397 1000 2456 exercitibus

89 2484 180 2541 occisi
196 2490 268 2541 sunt.
299 2481 408 2542 Romae
421 2498 536 2560 quoque
547 2480 631 2540 multa
646 2497 733 2559 opera
745 2479 823 2557 iecit,
847 2483 875 2540 in
890 2480 933 2540 his
947 2479 998 2540 Ga·

89 2565 217 2645 pitolium
228 2574 256 2624 et
266 2565 370 2625 Forum
380 2567 579 2643 transitorium,
587 2563 707 2640 Odeum,
716 2563 997 2640 DiuorumPorticus,

88 2648 199 2728 lecum,
227 2650 384 2729 Serapeum
405 2667 438 2710 ac
461 2649 594 2710 Stadium.
631 2649 736 2708 Verum
752 2665 815 2708 cum
833 2649 870 2708 ob
887 2647 998 2708 scelera
1099 2682 1103 2689 ·
1142 2723 1145 2732 Ι

88 2737 229 2795 universis
247 2752 353 2795 exosus
369 2753 436 2795 esse
451 2735 611 2812 coepisset,
635 2732 802 2793 interiectus
823 2741 867 2791 est
883 2750 998 2791 suorum
1022 2753 1049 2795 r.

90 2820 283 2878 coniuratione
297 2822 325 2879 in
340 2819 443 2897 palatio
458 2834 530 2877 anno
547 2819 646 2878 aetatis
663 2837 744 2891 xum,
773 2817 884 2894 imperii
901 2816 998 2894 quinto
1009 2820 1067 2866 GN·

89 2901 210 2961 decimo.
232 2900 327 2962 Funus
337 2905 399 2962 eius
411 2920 473 2961 cum
485 2902 590 2979 ingenti
602 2900 746 2960 dedecore
759 2917 811 2978 per
822 2900 997 2979 vespillones
1015 2888 1048 2932 ⁹⁶·
1123 2964 1128 2973 ,

89 2994 264 3065 exportatum
276 2995 305 3046 et
316 2984 477 3063 ignobiliter
490 2993 534 3045 est
545 2985 695 3064 sepultum.
