2318 3818
154 179 196 244 tu
268 153 276 173 '
500 170 716 245 sorbonn

154 351 262 411 brinam
282 366 368 409 suam.
402 346 436 407 lli
452 347 558 408 belluna
577 357 675 409 eontra
692 347 810 409 Parthos
827 357 997 427 gesserunt,
1018 350 1069 430 qni

156 444 223 514 post
236 434 382 493 victoriam
394 430 504 492 Traiani
515 441 573 492 tum
590 434 708 511 primum
724 432 941 495 rebellauerant.
972 433 1068 495 Verus

55 584 67 594 ..
154 517 312 579 Antoninus
331 515 367 576 ad
385 515 575 594 idproieetus
592 525 646 576 est.
677 515 735 590 Qui
755 515 922 577 Antioohiae
943 527 972 578 et
989 519 1067 579 eirea

131 663 133 668 ,
152 601 313 661 Armeniam
328 618 417 678 agens
429 600 515 660 multa
528 618 581 678 per
593 600 681 661 duces
693 609 722 660 et
733 602 993 679 iugentiapatrarit.
1013 602 1067 662 Se·

151 685 289 761 leueiam,
312 683 785 760 Assyriaeurbemnobihssimam,
808 703 871 745 eum
881 684 1068 763 quadraginta

152 767 265 828 milibus
290 769 431 829 homiuum
453 770 538 847 oepit.
571 768 728 829 Parthicum
750 762 1067 847 triumphum'revexit.

102 859 129 901 P·
152 850 320 913 cumfratre
332 852 491 931 eodemque
503 870 606 913 socero
618 853 808 931 triumphavit.
845 851 921 912 Obiit
932 862 1025 913 tamen
1037 854 1068 914 in

3 1001 8 1013 Ι
84 928 287 1013 Citerioris,
310 955 373 996 eum
389 935 576 997 aGoueoralia
597 939 711 997 civitate
725 919 849 997 Altinum
864 937 1066 1015 prolieisoere-

93 996 137 1041 ¹⁶⁹‘
151 1031 196 1081 tur
203 1029 232 1080 et
239 1038 302 1079 oum
316 1021 402 1081 fratre
413 1023 441 1081 in
452 1020 586 1080 vehiculo
598 1021 721 1098 sederet,
729 1022 822 1081 subito
830 1023 966 1098 sanguino
978 1023 1066 1098 istus,

153 1123 219 1164 casn
234 1104 336 1180 morbi,
357 1123 441 1182 quem
451 1103 552 1164 Graeci
564 1097 746 1183 ἁπόπληξιν
761 1113 874 1165 vocant.
917 1105 967 1164 Vir
984 1106 1067 1183 iuge·

151 1190 189 1248 nii
206 1205 302 1265 parum
325 1188 428 1262 civilis,
452 1190 612 1249 reverentia
631 1188 836 1250 tamou'iratris
850 1187 920 1249 nihil
942 1206 1068 1266 uuquam

151 1279 232 1331 anon
249 1287 344 1330 ausus.
380 1269 451 1331 Cum
463 1272 573 1332 obisset
585 1263 733 1332 undecimo
754 1274 864 1350 imperii
880 1290 968 1349 anuo,
991 1275 1069 1333 inter

151 1355 222 1415 loos
233 1353 339 1414 relatus
351 1364 405 1415 est.
1048 1386 1054 1398 ·

212 1480 298 1541 Gar.
315 1478 365 1540 XI.
385 1478 465 1562 (Vl.)
494 1479 562 1540 Post
585 1500 649 1541 eum
666 1479 779 1542 Marcus
799 1481 957 1540 Antoninus
982 1478 1067 1540 solus

150 1563 363 1642 rempublicam
378 1567 483 1641 tenuit,
499 1565 559 1640 ¹uris,
581 1584 665 1644 quem
674 1567 766 1624 mirari
778 1565 888 1628 facilius
902 1567 966 1643 quis
978 1582 1066 1643 quam

151 1647 266 1708 laudare
278 1649 380 1725 possit.
402 1646 575 1726 Aprinoipio
588 1652 663 1708 vitae
674 1646 931 1724 tranquillissimus,
946 1647 1024 1707 adeo
1037 1658 1069 1708 ut

135 1732 179 1791 >in
194 1731 307 1790 infantia
320 1748 435 1810 quoquo
444 1733 550 1792 uultum
561 1749 615 1792 neo
629 1746 665 1790 ex
675 1730 795 1809 gaudio,
815 1746 869 1788 nee
884 1747 920 1789 en
929 1746 1068 1792 moerore

150 1816 271 1874 mutarit.
290 1814 492 1894 Philosophiae
503 1816 614 1876 deditus
627 1816 751 1892 Stoicae,
776 1817 840 1892 ipse
853 1815 936 1873 etiam
946 1830 1005 1874 non
1016 1832 1067 1876 so·

150 1897 207 1959 lum
217 1900 293 1958 vitae
304 1901 440 1978 moribus,
453 1900 506 1979 sed
517 1901 600 1960 etiam
611 1899 768 1960 eruditione
776 1897 973 1977 philosophus.
990 1897 1067 1960 Tan·

148 1991 195 2043 tae
207 1983 395 2044 admirationis
408 1984 499 2045 adhue
510 1985 632 2059 iuuenis,
645 1992 675 2043 ut
687 2002 751 2043 eum
766 2000 965 2043 suscessorem
981 2000 1066 2061 para·

63 2120 65 2124 a
148 2070 221 2126 verit
231 2066 386 2128 lladrianus
402 2067 579 2144 relinquere,
597 2067 730 2144 adoptato
746 2075 839 2126 tamen
855 2065 998 2126 Antonino
1010 2065 1066 2126 Pio

148 2169 283 2228 generum
307 2169 374 2211 esse
392 2153 420 2209 ei
437 2149 687 2226 ideiroovoluerit,
707 2159 736 2208 ut
748 2151 804 2209 hoo
817 2150 915 2210 ordine
926 2149 960 2210 ad
971 2151 1065 2229 impe·

148 2235 219 2293 rium
231 2237 403 2314 perveniret.

214 2361 303 2421 Gar.
319 2357 384 2419 xli.
407 2359 553 2420 [nstitutus
570 2359 664 2420 estad
681 2359 889 2439 philosophiam
907 2357 1064 2437 perApol·

147 2445 252 2504 lonium
267 2441 502 2519 chalcedonium,
525 2444 560 2504 ad
578 2445 724 2504 seientiam
738 2443 879 2503 literarum
892 2442 1065 2503 Graecarum

147 2545 201 2607 per
218 2527 334 2586 Sextum
349 2526 596 2603 Chaeronensem,
616 2527 756 2595 Plutarchi
777 2536 926 2605 nepotem,
948 2525 1064 2586 Latinas

147 2618 241 2670 antem
250 2610 347 2670 literas
355 2627 419 2668 enm
430 2609 547 2688 Fronto,
560 2619 655 2670 orator
665 2611 868 2686 nobilissimus,
880 2611 987 2672 docuit.
1006 2607 1064 2670 llio

148 2712 212 2754 eum
223 2692 353 2754 omuibus
363 2693 475 2754 Romae·
490 2710 582 2772 aequo
599 2696 660 2754 iure
673 2695 746 2772 egit,
773 2694 808 2755 ad
821 2692 1063 2755 nullaminsolen·
1100 2699 1104 2708 “

146 2781 213 2838 hum
232 2778 322 2839 elatus
338 2779 448 2856 imperii
469 2778 602 2856 lastigie,
625 2778 801 2839 liberalitatis
820 2779 1062 2857 promptissimae.

148 2861 312 2923 Provincias
333 2864 442 2941 ingenti
460 2863 635 2939 teugrinus,
656 2872 685 2922 et
704 2861 898 2923 moderatione
918 2862 1061 2923 tractavit.
1086 2894 1092 2905 =

127 2942 129 2951 ⁴
147 2944 252 3007 Contra
272 2944 425 3008 Germanos
448 2963 484 3007 eo
509 2948 637 3025 prineipo
658 2946 841 3016 resielieiter
860 2956 959 3025 gestae
984 2953 1061 3006 sunt.

146 3029 256 3095 Bellum
272 3031 335 3108 ipse
351 3049 435 3090 unum
456 3032 548 3109 gessit
563 3029 836 3107 himeomanuioum‚'
858 3030 910 3090 sed
927 3038 1061 3109 quanmur

146 3112 222 3177 nulla
236 3116 370 3174 memoria
388 3114 455 3190 luit,
472 3114 544 3174 adeo
559 3122 589 3174 ut
605 3111 718 3175 Punicis
734 3115 903 3175 conferatur.
932 3113 1004 3175 Nam
1021 3130 1061 3173 oo

145 3200 260 3277 gratim
276 3196 456 3274 astinetum,
480 3197 557 3276 quod
573 3199 698 3259 universi
717 3200 861 3261 exereitus
871 3198 991 3261 Romani
1008 3215 1061 3278 pe·

145 3285 259 3344 rierant.
298 3280 357 3342 Sub
374 3280 430 3341 hoo
448 3283 521 3342 enim
536 3291 627 3342 tantus
648 3301 731 3343 easus
747 3284 926 3360 pestilentias
943 3282 1008 3360 init,
1028 3290 1062 3343 ut
1108 3289 1111 3295 '

146 3367 371 3443 postvietoriaru
381 3363 523 3426 Persiearn
533 3364 642 3427 Romae
653 3384 689 3428 ao
698 3383 752 3441 per
763 3363 870 3428 ltaliam
881 3368 1060 3445 provineias·
