2318 3818
440 228 645 285 LlBlllllll.
963 225 1005 290 37

90 391 144 465 cia,
157 392 270 450 tertium
285 392 313 450 in
324 389 501 467 Macedonia,
516 401 643 470 quartum
649 392 678 450 in
688 389 835 453 Dalmatia.
855 390 926 452 Nam
938 393 1004 454 Ser·

88 474 189 551 torius,
203 476 251 554 qni
261 477 380 553 partium
386 473 569 534 Marianarum
580 475 682 550 fuerat,
694 475 794 534 timens
805 475 943 536 fortunam
955 495 1003 536 ce-

88 565 223 633 terorum,
238 561 286 638 qui
297 560 456 636 interempti
469 566 557 634 erant,
576 557 611 619 ad
621 557 727 616 bellum
739 562 891 619 commorit
902 558 1003 638 Hispa·

88 641 160 699 nias.
193 641 275 700 lllissi
287 651 351 701 sunt
362 651 458 702 eontra
470 660 534 702 eum
545 640 634 700 duces
652 640 687 714 Q.
703 639 846 722 Caecilius
857 641 1001 720 Metellus,

89 722 249 799 filiuseius,
263 729 311 803 qui
323 723 485 803 iugurtham
496 743 593 802 regem
599 726 677 800 uicit,
691 734 720 784 et
730 723 908 785 L.Domitius
920 744 1002 804 prac-

88 816 142 868 tor.
164 807 322 868 ASertorii
340 809 413 869 duee
425 807 564 869 Hirtuleio
575 809 717 868 Domitius
730 810 845 876 occisus
861 807 915 869 est.
941 809 1002 870 ble-

88 889 174 950 tellus
186 894 264 952 vario
277 910 415 952 successu
433 901 530 953 contra
541 893 698 952 Sertorium
716 890 866 952 dimicavit.
899 891 1003 954 Postea
1023 907 1028 917 '

10 1042 16 1050 ἱ
89 991 153 1054 cum
164 976 254 1053 impar
263 994 377 1055 pugnae
388 974 607 1036 solusllletellus
620 984 775 1054 putaretur,
790 974 1002 1054 CmPompeius

88 1056 124 1117 ad
138 1058 289 1137 Hispanias
301 1062 404 1120 missus
417 1070 469 1120 εει.
494 1059 536 1119 lta
548 1059 658 1119 duobus
670 1059 789 1119 (lucibus
801 1060 1002 1120 adversisSer·

88 1143 177 1199 torius
194 1143 304 1204 fortuna
315 1145 392 1204 varia
404 1161 491 1223 saepe
503 1145 648 1222 pugnavit.
683 1141 792 1203 Octavo
804 1143 916 1204 demum
928 1159 1000 1205 anno
1013 1169 1069 1212 nn.

88 1242 104 1282 a
116 1226 175 1283 suis
187 1228 302 1286 occisus
316 1236 368 1290 est.
387 1227 424 1288 llt
435 1228 497 1288 finis
509 1231 536 1286 ei
547 1227 625 1287 bello
638 1226 718 1285 datus
731 1236 775 1287 εει
786 1246 839 1306 per
854 1226 905 1306 Cn.
919 1227 1001 1288 Pom·
1018 1236 1064 1279 ιιι.

87 1310 183 1385 peium
207 1308 421 1371 adolescentem
444 1320 472 1371 ει
490 1310 525 1384 Q.
542 1309 688 1370 Metellum
708 1308 787 1369 Pium
803 1320 887 1389 atque
904 1329 1002 1371 omnes

87 1392 338 1478 propeHispaniae
350 1397 379 1454 in
392 1394 534 1454 dicionem
544 1392 642 1470 populi
653 1390 771 1452 Romani
783 1393 915 1453 redactae
928 1403 1001 1453 sunt.

152 1495 238 1555 Can.
256 1492 293 1555 11.
328 1493 374 1553 nd
394 1493 588 1554 Macedoniam
602 1497 706 1554 missus
729 1504 774 1554 est
790 1494 902 1573 Appius
920 1494 1069 1556 Clau-att

87 1577 159 1639 dius.
192 1576 261 1637 Post
278 1577 453 1637 consulatum
469 1577 543 1638 levia
557 1577 665 1655 proclia
683 1578 779 1639 habuit
797 1587 894 1638 contra
910 1581 1002 1639 varias
1016 1571 1064 1620 ⁶⁷⁴·

86 1669 199 1740 gentes,
220 1678 293 1740 quae
304 1661 475 1739 Rhodopam
487 1663 661 1740 provinciam
672 1661 849 1737 incolebant,
866 1671 951 1742 atque
963 1664 1002 1723 ibi

85 1745 186 1804 morbo
203 1755 331 1805 mortuus
348 1753 402 1809 est.
435 1744 541 1804 Missus
564 1748 592 1803 ei
609 1762 764 1805 successor
782 1744 816 1805 C.
835 1746 1001 1806 Scribonius
1013 1776 1068 1820 pu,

87 1825 175 1887 Curio
187 1838 255 1906 post
269 1827 455 1890 consulatum.
474 1826 504 1886 ls
515 1827 663 1887 Dardanos
675 1830 744 1887 vicit
757 1837 786 1887 et
796 1846 888 1906 usque
901 1828 937 1888 ad
948 1829 1004 1889 Da·
1021 1845 1066 1886 ora.

85 1911 202 1970 nubium
223 1911 392 1989 penetravit,
414 1910 642 1989 triumphumque
661 1913 810 1969 meruitet
831 1913 902 1972 intra
921 1913 1069 1971 trien-All·

85 1997 162 2055 nium
173 1991 443 2054 linembellodedit.
1023 1981 1067 2024 ⁶⁸¹·

154 2094 240 2154 Cae.
253 2091 303 2156 lll.
333 2093 378 2153 Ad
391 2092 520 2153 Ciliciam
538 2101 566 2152 ct
584 2074 775 2174 Pamphyliam
790 2095 893 2155 missus
912 2104 956 2155 est
970 2096 1001 2159 P.
1024 2075 1028 2080 ⁸

87 2177 225 2238 Servilius
243 2177 429 2254 exconsule,
450 2179 495 2236 vir
509 2185 650 2241 strenuus.
682 2177 710 2237 ls
728 2176 855 2240 Ciliciam
875 2179 1000 2257 subegit,
1012 2184 1067 2229 Ml·

86 2260 191 2337 Lyciae
208 2261 295 2321 urbes
308 2261 480 2322 clarissimas
492 2265 667 2340 oppugnavit
678 2272 707 2321 et
723 2263 815 2339 cepit,
836 2264 864 2321 in
875 2263 921 2321 his
931 2257 1001 2323 Pha.
1016 2250 1063 2296 ⁶⁷⁴·

86 2343 216 2421 selidem,
226 2343 387 2421 Olympum,
396 2341 537 2418 Corycum
550 2343 677 2405 Ciliciae.
700 2342 814 2403 lsauros
826 2348 942 2424 quoque
953 2347 1001 2423 ag-

22 2477 27 2486 .
86 2445 206 2504 gressus
218 2426 253 2485 ad
264 2426 437 2486 deditionem
448 2425 570 2503 redegit,
583 2436 668 2505 atque
681 2428 752 2486 intra
762 2429 911 2487 triennium
923 2428 1001 2489 bello

86 2511 171 2569 linem
182 2508 268 2570 dedit.
296 2508 405 2569 Primus
417 2511 537 2569 omnium
548 2509 739 2571 Romanorum
749 2511 778 2570 ln
789 2509 882 2571 'lauro
894 2513 948 2572 iter
959 2512 1001 2573 le·

86 2595 134 2654 cit.
154 2591 879 2674 Revertenstriumphumacccpitetnomenlsaurioi
889 2598 1000 2657 meruit.

151 2709 237 2771 Car.
250 2707 298 2771 lv.
329 2706 376 2768 Ad
388 2706 532 2786 Illyricum
547 2710 650 2769 missus
665 2719 710 2769 est
728 2707 761 2768 C.
774 2707 936 2770 Cosconius
947 2726 1000 2793 pro

85 2792 213 2852 consule.
232 2791 348 2853 Multam
362 2802 472 2872 partem
481 2791 638 2852 Dalmatiae
650 2793 774 2870 subegit,
791 2792 911 2854 Salonas
923 2795 1001 2874 cepit

84 2884 114 2934 ει
125 2877 285 2953 composito
295 2875 373 2937 bello
383 2876 501 2937 Romam
512 2883 579 2952 post
589 2875 731 2952 biennium
741 2875 835 2936 rediit.

148 2975 199 3035 Cn
208 2993 235 3034 r.
246 2974 282 3034 V.
295 2975 375 3054 (lv.)
395 2976 499 3037 lisdem
513 2980 689 3057 temporibus
700 2977 799 3038 consul
810 2978 848 3043 bl.
859 2977 997 3040 Aemilius
1008 2985 1067 3031 nu.

82 3056 218 3137 lepidus,
239 3056 331 3120 Catuli
343 3059 470 3139 collega,
488 3062 594 3124 bellum
605 3064 691 3124 civile
701 3062 791 3122 voluit
803 3079 995 3140 commovere,
1008 3052 1055 3097 ⁶²⁴·

82 3143 154 3203 intra
165 3151 258 3203 tamen
269 3162 351 3204 unam
364 3153 500 3205 aestatem
516 3157 610 3207 motus
626 3149 688 3207 eius
700 3162 858 3226 oppressus
874 3156 926 3207 est.
956 3144 998 3206 lta

81 3243 138 3286 uno
154 3236 285 3305 tempore
301 3226 380 3288 multi
399 3229 481 3289 simul
500 3232 634 3309 triumphi
647 3232 770 3307 fuemnt,
783 3229 891 3291 Metelli
902 3247 939 3288 ex
949 3227 997 3288 lli·

81 3313 192 3389 spania,
208 3309 338 3396 Pompeii
350 3313 493 3374 secundus
504 3333 541 3375 ex
551 3315 695 3394 llispania,
709 3314 842 3377 Curionis
856 3331 892 3373 ex
902 3311 997 3373 llaec·

80 3390 175 3473 (lonia‚
189 3395 303 3457 Servilii
320 3414 357 3457 ex
371 3394 487 3459 lsauria.
