2318 3818
157 242 199 308 tu
502 244 721 302 sounorrr
826 213 831 224 ’
940 196 945 208 ’

158 413 344 490 principatum
359 409 445 467 totius
463 407 541 469 orbis
552 408 698 484 affectans,
717 407 825 467 Licinio
836 406 941 467 bellurn
963 407 1069 484 intulit,

158 496 284 574 quamvis
300 491 481 552 necessitudo
495 500 525 551 et
540 492 659 553 allinitas
680 510 743 551 cum
759 506 794 550 eo
811 500 899 552 esset.
931 490 1003 552 Nam
1019 509 1070 552 so-

91 554 206 667 1ξ’ξμοτ
232 575 396 637 Constantia
417 584 503 653 nupta
526 563 633 636 Licinio
656 584 725 635 erat.
765 574 809 635 Ac
830 577 921 654 primo
948 588 1013 634 eum
1040 578 1070 635 in

32 714 34 720 .
100 653 147 736 3⁶14]
158 661 299 722 Pannonia
319 659 444 719 secunda
470 661 576 737 ingenti
598 668 731 738 apparatu
753 659 859 720 bellurn
886 658 961 737 apud
984 657 1069 720 ciba·

158 746 200 806 las
223 747 405 805 instruentem
432 746 595 822 repentinus
621 745 778 823 oppressit,
800 745 934 821 omnique
959 741 1069 816 Darda*

157 831 213 904 nia,
230 827 350 904 Moesia,
361 825 528 887 Macedonia
545 829 649 904 potitus
665 843 830 887 numerosas
842 828 1003 904 provincias
1017 843 1069 886 oc·

158 930 193 972 eu
215 914 281 972 avit.
615 931 616 935 ¹

195 929 305 1058 pilas,
317 993 365 1056 VI.
387 995 470 1056 Varia
486 994 623 1072 deinceps
638 997 712 1053 inter
728 1012 780 1054 eos
797 993 887 1070 bella,
910 1002 938 1054 et
954 1011 1010 1072 pax
1021 1011 1069 1053 re·

91 1060 140 1170 0¹}
158 1080 307 1139 conciliata
325 1087 464 1159 ruptaque
477 1088 530 1139 est.
560 1077 706 1138 Postremo
721 1077 843 1138 Licinius
861 1077 952 1138 navali
969 1072 1069 1138 etter·

100 1157 145 1238 3'24]
157 1165 241 1222 rostri
254 1162 365 1240 proelio
383 1165 475 1222 rictus
486 1161 560 1240 apud
570 1162 763 1222 Nicomediam
779 1181 812 1221 se
825 1161 931 1221 dedidit
949 1170 978 1221 et
997 1176 1068 1221 ecn-

114 1266 140 1310 r.
160 1255 202 1306 tra
226 1246 395 1324 religionem
416 1248 582 1306 sacramenti
604 1244 825 1305 Thessalonicae
842 1248 967 1324 privatus
987 1248 1068 1305 ocei-

42 1377 45 1384 .
89 1333 274 1390 c-Nsusest.
306 1329 351 1390 Ec
362 1339 491 1407 tempore
503 1348 550 1389 res
561 1329 685 1397 Romana
697 1330 750 1389 sub
761 1346 817 1389 uno
828 1328 998 1408 Augustoet
1015 1331 1068 1388 tri·

99 1403 144 1444 ³⁹⁶·
157 1411 402 1490 procacioribus,
415 1412 492 1492 quod
503 1432 643 1492 nunquam
653 1413 733 1490 alias,
745 1413 807 1490 tuit,
823 1432 885 1473 eum
896 1402 978 1474 liberi
989 1409 1069 1472 Gon·

157 1500 269 1558 stantini
281 1496 404 1574 Galliae,
418 1498 526 1557 Orienti
538 1495 693 1575 Italiaeque
705 1507 880 1575 praeessent.
908 1498 1013 1557 Verum
1025 1499 1068 1558 in·

157 1581 276 1641 solentia
293 1599 385 1641 rerum
401 1581 585 1641 secundarum
608 1581 779 1658 aliquantum
796 1580 1007 1641 constantinum
1032 1598 1069 1642 ex

128 1687 133 1697 ¹
156 1664 203 1723 illa
215 1664 362 1724 favorabili
376 1667 459 1724 animi
470 1664 613 1725 docilitate
624 1666 748 1723 mutavit.
771 1662 891 1723 Primum
905 1660 1067 1724 necessitu-

32 1799 35 1807 ,
106 1772 131 1816 p,
158 1746 242 1807 dines·
250 1757 419 1826 persecutus
430 1747 516 1808 filium
528 1766 618 1824 suum,
633 1749 780 1826 egregium
793 1748 892 1824 virum,
913 1755 942 1806 et
954 1750 1067 1808 sororis

88 1840 145 1886 GN.
158 1830 254 1907 lilium,
276 1832 440 1892 commodae
455 1832 558 1892 indolis
573 1834 714 1907 iuvenem,
736 1830 892 1908 interiecit,
911 1847 979 1890 mox
995 1850 1067 1893 uxo·

97 1909 143 1956 ³²⁶·
157 1933 227 1992 reta,
242 1925 308 1994 post
318 1933 484 1976 numerosos
498 1918 615 1976 amicos.
955 1965 957 1970 .

218 1998 378 2059 cnr.v11.
399 1999 449 2061 Vir
460 2002 550 2076 primo
563 2000 672 2076 imperii
688 2009 818 2078 tempore
835 1999 948 2077 optimis
960 2000 1067 2076 prinoi-

156 2084 249 2160 pibus,
265 2083 362 2141 ultimo
373 2081 474 2141 mediis
486 2082 700 2159 comparandus.
712 2081 877 2144 Innumerae
889 2085 917 2142 in
932 2096 969 2142 eo
981 2084 1067 2142 animi

150 2163 343 2243 corporisque
364 2167 482 2224 virtutes
500 2164 668 2225 claruerunt.
701 2165 829 2227 Militaris
846 2166 955 2244 gloriae
975 2184 1066 2244 appe·
1103 2219 1109 2230 .

22 2250 25 2257 '
104 2267 131 2308 a.
155 2249 350 2330 tentissimusq
362 2247 472 2317 fortuna
483 2250 512 2308 in
524 2247 608 2319 bellis
620 2251 836 2328 prosperaiuit,
853 2269 951 2310 verum
962 2253 1016 2327 ita,
1037 2260 1069 2310 ut

86 2334 143 2377 Cll-
153 2350 210 2392 non
222 2338 368 2411 superaret
382 2331 553 2394 industriam.
588 2325 660 2393 Nam
677 2336 760 2396 etiam
771 2334 879 2395 Gothos
896 2342 962 2412 post
979 2335 1067 2395 civile

96 2403 142 2446 ³³²·
154 2416 259 2477 bellum
270 2418 347 2476 varie
359 2416 535 2495 profligavit,
555 2433 627 2494 pace
643 2417 678 2478 ad
691 2427 864 2497 postremum
876 2419 948 2495 data,
965 2420 1066 2496 ingen·

154 2508 268 2577 temque
283 2499 360 2578 apud
375 2501 506 2562 barbaras
524 2511 625 2578 gentes
637 2499 790 2563 memoriae
806 2505 924 2581 gratiam
939 2501 1066 2564 colloca-

153 2584 203 2641 vit.
236 2581 373 2642 Civilibus
390 2585 495 2643 artibus
512 2594 541 2643 et
558 2584 656 2644 studiis
675 2586 839 2647 liberalibus
851 2585 977 2662 deditus,
994 2587 1065 2647 affe·

152 2675 245 2727 otator
255 2668 321 2739 iusti
336 2668 450 2743 amoris,
467 2685 551 2745 quem
563 2671 637 2727 omni
650 2670 703 2729 sibi
719 2679 747 2737 et
763 2671 930 2732 liberalitate
946 2679 974 2730 et
985 2670 1066 2732 doei-

153 2749 233 2811 litate
245 2753 395 2830 quaesivit,
408 2752 482 2811 sicut
491 2753 520 2810 in
530 2752 794 2814 nonnullosanrioos
806 2755 918 2833 dubius,
930 2757 968 2815 ita
977 2756 1007 2814 in
1018 2773 1065 2816 re·

153 2834 248 2914 liquos
256 2837 401 2914 egregius,
412 2835 481 2895 nibil
489 2839 670 2897 occasionum
677 2841 912 2916 praetermittens,
926 2856 982 2916 quo
992 2855 1066 2918 opu·

153 2917 290 2979 lentiores
302 2936 356 2979 eos
370 2920 564 2998 clarioresque
579 2931 745 2999 praestaret.

99 3011 129 3081 ¹2·
213 3003 301 3062 Gar.
312 3001 388 3066 vill.
406 3003 509 3064 blultas
520 3003 602 3082 leges
612 3010 734 3083 rogavit,
750 3006 884 3085 quasdam
896 3007 1019 3066 exbooo
1036 3017 1067 3070 et

85 3078 141 3124 ω·
151 3102 254 3165 aequo,
275 3085 604 3167 plerasquesuporlluas‚
626 3090 774 3151 nonnullas
791 3109 923 3167 severas,
943 3093 1065 3169 primus·

132 3177 208 3249 'que
220 3171 318 3232 urbem
328 3172 448 3231 nominis
465 3174 509 3232 sui
526 3171 561 3232 ad
577 3181 680 3234 tantum
692 3175 838 3253 dastigiurn
848 3176 971 3236 evehere
981 3176 1066 3237 moli·

100 3286 127 3327 ρ,
151 3263 196 3314 tus
212 3265 266 3331 est,
283 3264 313 3314 ut
323 3253 431 3314 Romae
441 3255 578 3316 aemulam
590 3256 707 3317 iaceret.
728 3258 838 3319 Bellum
849 3258 984 3320 adversus
997 3257 1066 3321 Par-

85 3353 141 3399 em.
150 3337 216 3398 tlrcs
226 3337 356 3415 moliens,
370 3339 417 3417 qui
428 3339 482 3400 iarn
494 3339 726 3419 Mesopotamiam
733 3343 895 3421 fatigabunt,
908 3360 964 3403 uno
975 3353 1003 3403 et
1014 3347 1066 3406 tri-

94 3422 139 3466 231·
149 3423 261 3498 gesimo
272 3424 485 3501 anno-imperit,
505 3427 606 3486 aetatu
616 3434 700 3486 serto
716 3435 746 3486 et
758 3429 956 3505 megenlano,
973 3427 1066 3491 Nico·
