2318 3818
144 234 189 298 aa
331 222 338 234 “
492 231 799 323 ΕυτιιοιηιΙ

385 452 799 565 ‘nrnnnuouus

544 626 643 636 ——u-

379 766 381 770 y
451 701 750 752 nauuusuruu.
812 688 843 757 ss

202 814 226 866 1.
245 811 397 868 Maximinus
408 820 475 871 bello
486 821 608 872 adversus
617 820 755 871 Germanos
772 816 879 866 feliciter
895 820 970 880 gesto
989 812 1063 863 aPu·

147 885 223 950 pieno
240 886 391 937 interficitur.
420 887 446 939 2.
464 891 524 940 Tres
539 891 598 941 inde
612 890 687 940 simul
699 888 820 953 Augusti,
836 883 979 947 Pupienus,
1005 881 1063 932 Bel-

90 1011 92 1015 ¹
116 1012 118 1017 Ι
149 953 223 1003 binus
244 962 268 1004 et
287 954 441 1018 Gordianus,
466 961 510 1022 qui
533 959 584 1009 illis
602 958 740 1009 interiectis
758 954 827 1007 eolus
845 954 980 1017 imperium
999 952 1063 1000 oleti-

149 1031 199 1083 net,
218 1023 320 1086 Ianique
336 1028 415 1090 portis
432 1029 525 1092 apertis
542 1028 632 1077 Persas
647 1027 731 1077 vincit.
767 1022 794 1074 3.
811 1021 920 1086 Philippi
938 1020 999 1079 duo,
1017 1034 1064 1085 pa-

148 1100 187 1140 ter
204 1099 228 1139 et
244 1091 329 1153 filius,
347 1095 393 1143 sub
412 1097 510 1163 quibusx
521 1112 602 1146 annus
618 1096 714 1146 Romae
732 1092 847 1142 conditae
864 1088 1005 1139 milesimus
1024 1102 1064 1137 ce-

149 1159 259 1209 lebratus
278 1168 324 1210 est.
358 1161 385 1211 4.
402 1162 494 1213 Decius
515 1166 608 1214 bellum
627 1165 699 1216 civile
722 1165 748 1212 in
767 1160 847 1210 Gallia
863 1167 960 1208 motum
979 1157 1064 1222 oppri-

150 1229 195 1277 mit
219 1236 243 1278 ct
268 1245 325 1278 cum
346 1230 412 1290 lilio,
441 1231 548 1283 Caesare
566 1234 646 1294 lacto,
672 1240 730 1298 post
753 1230 883 1280 biennium
907 1225 1064 1277 interficitur.

149 1295 175 1346 5.
196 1295 281 1347 Gallus
305 1297 458 1349 Hostilianus
483 1311 508 1351 et
533 1301 597 1352 Galli
618 1303 684 1352 lilius
703 1299 857 1350 Volusianus
880 1295 1065 1345 nihilomnino

150 1364 245 1415 clarum
264 1374 405 1432 gesseruut.
439 1367 465 1422 6.
484 1372 618 1421 Aemiliani
636 1372 712 1421 breve
729 1376 754 1418 et
771 1368 904 1417 obscurum
919 1363 1066 1428 imperium.

150 1430 256 1484 7-10.
274 1434 364 1485 Licinii
381 1437 510 1488 Valeriani
533 1448 557 1489 et
574 1439 679 1490 Gallieni
702 1437 836 1503 imperium
853 1434 894 1485 vel
915 1431 1066 1482 infelicitate

150 1505 191 1555 uel
206 1505 309 1568 ignauia
326 1512 428 1570 propter
445 1508 610 1559 barbarorum
627 1509 782 1559 incursiones
798 1504 977 1570 perniciosum.
1006 1499 1066 1549 Plu-

150 1587 191 1620 res
208 1587 345 1637 purpuram
364 1584 474 1637 sumunt,
489 1577 631 1636 Postumus,
648 1577 752 1634 Marius,
769 1574 921 1628 Victorinus,
938 1569 1066 1629 Tetricus,

152 1640 309 1690 Odenathus.
346 1641 388 1692 ll.
409 1632 528 1696 Claudius
546 1647 629 1695 coedit
644 1644 747 1694 Gothos.
773 1642 835 1691 Eius
854 1639 943 1689 laudea
962 1644 1067 1703 etpost

151 1717 255 1758 mortem
273 1710 391 1761 honores.
427 1711 470 1764 12.
491 1713 610 1773 Quintilli,
626 1712 724 1778 egregii
737 1709 871 1774 principis,
888 1707 965 1754 breve
983 1709 1065 1773 impe-

150 1779 225 1827 rium.
264 1775 374 1830 13-15.
392 1782 544 1833 Aurelianus
561 1782 638 1833 vincit
656 1779 759 1837 Gothos,
777 1776 917 1825 Romanam
930 1773 1066 1829 ,dicionem

152 1847 186 1896 ad
203 1848 322 1912 pristinos
339 1849 402 1900 fines
420 1859 534 1911 revocat,
562 1856 665 1916 superat
681 1848 808 1897 Tetricum
825 1845 851 1895 in
869 1842 964 1902 Gallia,
984 1842 1066 1893 Zeno·

152 1917 220 1983 biam
231 1918 263 1966 'in
282 1915 381 1967 Oriente
399 1922 481 1984 cepit,
507 1921 702 1969 monetariorum
725 1917 752 1966 in
773 1915 836 1964 urbe
858 1912 1010 1962 seditionem
1027 1927 1066 1962 re·

151 1986 245 2050 primu,
263 1994 345 2036 cetera
363 1989 480 2041 crudelis.
517 1984 559 2038 16.
577 1988 666 2046 Taciti,
686 1986 789 2050 egregie
807 1983 904 2040 morati,
923 1981 1001 2029 breve
1018 1982 1064 2029 im·

150 2056 249 2118 perium
265 2069 312 2103 nec
330 2056 470 2105 diuturnius
487 2056 604 2109 Floriani.
641 2051 685 2108 17.
701 2054 807 2113 Probus,
825 2052 905 2118 gloria
922 2048 1029 2098 militari
1043 2055 1068 2098 et

151 2137 249 2171 morum
268 2122 385 2172 civilitate
403 2123 524 2187 insignis,
553 2123 646 2172 Gallias
669 2137 685 2170 a
702 2123 814 2171 barbaris
839 2126 973 2183 occupatas
991 2119 1067 2166 resti·

150 2191 198 2238 tuit
216 2197 240 2237 et
256 2190 386 2238 vinearum
402 2190 524 2239 culturam
537 2190 646 2240 adiuvat.
680 2189 740 2239 Post
764 2189 895 2256 imperium
924 2201 970 2236 sex
986 2200 1067 2235 anno·

150 2272 207 2306 rum
230 2256 337 2306 tumultu
359 2250 460 2308 militari
483 2259 636 2309 interficitur.
678 2254 722 2308 18.
742 2254 819 2307 carus
843 2257 870 2306 iu
892 2255 958 2305 bello
978 2261 1068 2303 contra

151 2328 242 2376 Persas
259 2341 381 2392 prospere
396 2335 469 2394 gesto
486 2327 599 2378 fulminis
613 2327 664 2377 ictu
677 2328 752 2392 perit.
788 2326 826 2376 Ex
842 2325 909 2386 liliis,
928 2338 992 2387 quos
1003 2321 1068 2372 Gae-

153 2411 223 2446 sares
242 2395 344 2456 iecerat,
361 2396 544 2456 Numerianus,
567 2403 665 2463 patrem
683 2397 716 2446 ad
733 2395 862 2445 Persicum
878 2393 974 2442 bellum
991 2406 1067 2441 secu·

152 2474 208 2526 tus,
233 2478 280 2528 per
294 2465 400 2515 insidias
417 2467 547 2516 occiditur.
586 2463 628 2519 19.
650 2463 767 2525 Carinus,
787 2464 818 2514 ob
838 2462 932 2512 scelera
957 2461 1067 2521 invisus,

153 2549 169 2582 a
187 2533 240 2582 suis
260 2533 390 2583 deseritur.
427 2533 598 2584 Diocletianus
623 2535 654 2584 ab
673 2536 782 2583 exercitu
799 2535 934 2597 imperator
955 2537 1067 2578 creatur.

151 2599 196 2649 20.
214 2600 239 2648 Is
256 2598 346 2650 Carino
367 2616 488 2666 oppresso
505 2617 551 2667 per
567 2601 747 2651 Maximianum
762 2600 913 2659 Herculium,
930 2597 1067 2648 Gaesarem

152 2669 527 2729 renuntiatum,=Bacaudarum
544 2671 570 2720 in
582 2669 662 2721 Gallia
679 2671 813 2720 tumultum
831 2670 924 2720 domat.
948 2663 1065 2716 21-23.

154 2736 289 2788 Gasausius
307 2739 333 2788 in
348 2737 476 2789 Britannia
492 2752 630 2805 purpuram
647 2739 736 2798 sumit,
760 2738 888 2788 Achilleus
905 2738 932 2786 in
946 2738 1066 2801 Aegypto

153 2806 271 2868 rebellat,
296 2808 409 2859 Africam
427 2808 653 2873 Quinquegentiani
671 2806 805 2868 infestant,
824 2806 949 2864 Narseus,
975 2804 1066 2853 Persa·

153 2891 209 2925 rum
224 2891 278 2936 rex,
297 2875 391 2928 Orienti
407 2877 501 2928 bellum
519 2877 607 2939 infert,
628 2877 662 2926 ad
679 2890 742 2940 quos
761 2884 844 2925 motus
862 2873 1066 2939 comprimendos

152 2944 322 2994 Diocletianus
334 2946 515 2997 Maximianum
532 2947 674 2996 Hereulinm
690 2944 834 3010 Augustum
852 2944 924 3002 iacit,
944 2938 1066 2992 Constan-

153 3014 215 3062 tium
232 3019 257 3061 et
275 3012 454 3065 Maximianum
464 3013 591 3064 Galerium
608 3013 737 3064 Caesares.
762 3014 895 3063 Alamanni
912 3027 927 3060 a
944 3009 1066 3060 Constan-

153 3083 188 3131 tio
205 3081 350 3131 caeduntur.
386 3082 429 3133 24.
449 3082 492 3134 25.
511 3082 626 3133 Galerius
643 3082 810 3132 Maximianus
834 3081 957 3132 Narseum
981 3080 1066 3145 primo

154 3152 234 3200 victus
259 3157 317 3213 post
338 3167 431 3218 magna
450 3152 520 3202 clade
538 3152 622 3201 afficit.
655 3151 733 3200 Varia
748 3151 865 3216 deinceps
891 3157 915 3199 et
939 3147 1015 3199 simul
1042 3155 1067 3196 et

154 3218 299 3284 singulatim
314 3219 380 3269 bella
397 3228 495 3286 gerunt,
514 3228 538 3270 et
547 3219 650 3284 Carpos,
668 3219 801 3268 Basternas
820 3228 844 3269 et
860 3219 987 3268 Sarmatas
1005 3217 1067 3267 sub-

154 3289 234 3353 igunt.
264 3285 386 3342 26-28.
412 3289 560 3339 Diocletiani
579 3297 603 3337 et
619 3287 765 3337 Maximiani
782 3288 904 3349 Herculii,
932 3288 975 3350 qui
990 3287 1066 3337 ambe

155 3356 270 3421 deposito
288 3357 393 3422 imperio
409 3359 435 3407 in
452 3360 576 3423 privatum
592 3358 669 3408 vitam
689 3365 871 3419 concesserunt,
889 3372 973 3407 mores
988 3364 1012 3405 et
1028 3358 1067 3406 in·

155 3439 266 3490 genium.
