2318 3818
165 190 206 252 36
522 190 763 246 EUTROPll

93 383 148 426 aa,
161 361 201 417 tio
213 356 345 417 auxilium
355 354 476 431 ferebat,
485 352 600 412 oceidit.
622 351 691 412 Post
702 353 773 413 haee
785 353 863 412 Sulla
875 353 911 412 de
918 354 1083 418 Mithridate

103 453 149 495 ⁶⁷2·
164 441 269 519 ingenti
281 438 372 517 gloria
382 438 572 515 triumphavit.
593 434 644 498 Cn.
657 435 909 514 etiamPornpeius,
922 439 999 518 qnod
1009 441 1082 502 nulli

161 525 351 584 Romanorum
361 521 494 581 tributum
506 529 576 597 erat,
589 528 717 599 quartum
730 529 758 579 et
769 540 816 581 xx.
829 540 930 582 annum
941 542 1030 600 agens
1044 525 1082 586 da

96 624 151 665 ao.
161 608 257 667 Africa
267 605 457 683 triumphavit.
489 603 570 663 Hune
581 604 665 663 linem
675 604 832 664 habuerunt
844 605 900 665 duo
911 606 986 667 bella
998 609 1081 670 lune·

102 691 148 734 ⁰⁷³·
161 692 293 766 stissima,
306 689 451 766 ltalieum,
466 687 543 768 quod
565 696 594 746 et
606 687 713 747 sociale
725 687 830 748 dictum
844 699 905 766 est,
933 700 961 750 et
980 693 1079 770 civile,
1120 714 1123 719 ·

161 792 234 855 qnae
246 775 328 834 ambo
342 782 431 833 tracta
447 782 511 832 sunt
523 789 575 849 per
586 789 675 830 annos
690 770 800 831 decem.
835 771 1086 852 Consumpserunt·

159 858 229 930 ultra
242 879 277 919 cn
295 858 370 918 milia
383 857 535 930 hominum,
552 857 630 914 viros
644 855 808 916 consulares
821 877 899 934 xxiv,
916 862 1080 935 praetorios

159 962 210 1018 vn,
224 942 371 1002 aedilicios
386 961 433 1017 nx,
452 950 599 1001 senatores
612 939 673 998 iere
685 960 732 1000 cc.

517 1136 717 1148 ——--—

401 1273 824 1344 ttnlusnxttls-

564 1404 682 1416 h—-ut-

428 1479 774 1531 taonunntutt.

206 1599 231 1648 1.
250 1599 348 1648 Bellum
365 1599 536 1648 Sertorianum
553 1601 579 1648 in
597 1600 719 1663 Hispania
735 1601 790 1646 eius
807 1605 909 1647 auctore
928 1612 943 1646 a
962 1599 1016 1648 suis
1036 1616 1080 1652 oc-

158 1669 211 1717 ciso
228 1666 334 1716 finitum.
377 1666 402 1717 2.
421 1667 518 1715 Bellum
534 1668 561 1714 in
577 1666 726 1715 Macedonia
743 1672 767 1713 et
784 1667 945 1714 conterminis
964 1669 1081 1730 regioni.

157 1737 205 1784 bus
215 1741 239 1782 et
255 1735 396 1800 triumphus
405 1733 529 1784 Scribonii
539 1733 655 1784 Curionis
672 1735 731 1784 inde
748 1741 827 1783 actus.
854 1730 879 1783 3.
891 1731 989 1784 Servilii
1004 1737 1081 1788 Isau.

157 1805 219 1863 ricl,
249 1805 292 1866 qui
311 1812 334 1854 et
351 1806 448 1870 primns
465 1805 574 1854 Taurum
590 1805 745 1870 penetravit,
773 1804 804 1852 de
825 1801 928 1863 Cilicia,
954 1802 1034 1868 Lycia
1055 1821 1081 1859 at

157 1874 250 1922 Isauris
267 1873 388 1924 victoriae
407 1883 431 1923 et
449 1874 599 1939 triumphus.
625 1870 651 1922 4.
671 1872 766 1922 Bellum
783 1873 810 1921 in
825 1871 923 1937 illyrico
943 1872 1080 1926 etDalrna-

156 1944 193 1991 tia
210 1957 225 1990 a
244 1939 367 1994 Cosconio
385 1959 505 2009 prospere
524 1950 633 2008 gestum.
660 1941 685 1992 5.
703 1941 795 2008 Lepidi
814 1941 923 1990 consulis
939 1949 1023 1992 motus
1042 1947 1080 1994 ei-

156 2010 219 2060 viles
237 2013 364 2076 oppressi,
393 2020 417 2061 et
433 2012 553 2077 triumphi
571 2012 711 2075 aliquorum
735 2013 837 2062 ducum.
871 2007 896 2061 6.
914 2008 1078 2072 Nicomedes,

155 2079 287 2142 Bithyniae
303 2095 358 2139 rex,
376 2083 486 2130 moriens
496 2081 626 2130 Romanos
645 2081 706 2129 lacit
723 2080 839 2132 heredes.
869 2078 1014 2142 Sequuntur
1031 2098 1078 2132 va-

154 2149 193 2196 ria
211 2148 286 2208 belle,
305 2149 385 2198 veluti
401 2148 598 2199 Mithridaticum
615 2151 731 2209 tertium3
766 2145 792 2199 7.
810 2148 902 2198 servile
920 2163 936 2196 a
953 2149 1077 2215 Spartaco

157 2216 308 2266 concitatum
326 2223 351 2266 ot
367 2225 427 2282 post
443 2220 535 2268 multas
560 2218 715 2268 calamitates
735 2233 750 2267 a
767 2218 863 2268 Licinio
883 2216 973 2268 Crasso
1000 2223 1076 2270 tertio

155 2299 220 2335 anno
244 2287 427 2351 compositum
449 2283 482 2349 Ι8.
501 2286 678 2347 Mithridatici,
697 2288 828 2354 Tigranis,
845 2286 980 2337 Armeniae
995 2291 1076 2355 regis,

155 2354 248 2405 auxilio
266 2354 411 2418 confirmati,
431 2357 582 2406 continuatio
601 2366 625 2406 et
643 2353 669 2409 9.
689 2356 790 2407 fortuna
807 2356 933 2416 secunda;
953 2356 995 2406 10.
1016 2373 1077 2408 con-

153 2431 192 2473 tra
207 2422 317 2474 Thracas
336 2432 360 2475 et
377 2425 487 2475 Danubii
503 2426 616 2486 accolas;
641 2425 741 2475 Luculli
758 2426 903 2488 utriusque,
931 2427 974 2490 qui
993 2426 1074 2476 duces

155 2490 262 2552 inerant,
279 2494 412 2558 triumphi;
436 2494 479 2542 11.
500 2494 624 2544 Creticum
640 2496 745 2545 subacta
762 2495 845 2544 insula
864 2510 879 2543 a
896 2493 996 2544 Metello
1015 2511 1077 2546 eon-

138 2559 257 2610 'iectum
292 2560 384 2625 Apion,
405 2561 500 2627 Libyae
517 2578 572 2623 rex,
591 2564 715 2628 populum
723 2564 866 2614 Romanum
877 2563 996 2613 heredem
1015 2579 1076 2614 con·

154 2628 248 2687 stituit;
269 2626 454 2693 raptaticum
469 2630 599 2696 Pompeio,
618 2631 816 2681 Mithridaticum
831 2633 922 2682 eodem
932 2634 996 2683 duce
1014 2647 1076 2698 pro-

153 2695 276 2760 fligatum.
312 2695 353 2752 13.
374 2695 415 2748 14.
434 2699 521 2749 Resa
544 2700 664 2766 Pompeio
689 2708 776 2750 contra
800 2701 936 2767 Tigranem
960 2703 1077 2765 aliosque

152 2764 230 2813 Asiae
251 2781 326 2831 reges
351 2775 375 2817 et
400 2768 508 2833 populos
534 2777 622 2835 gestae
641 2777 666 2818 et
688 2785 825 2836 regnorum
850 2772 909 2820 inde
933 2772 1075 2836 conversio.

154 2831 196 2885 15.
218 2833 363 2885 Coniuratio
387 2835 540 2889 Catilinaria.
579 2835 621 2890 16.
641 2838 735 2888 Metelli
761 2846 785 2889 et
803 2839 916 2904 Pompeii
941 2838 1075 2905 triumphi.

154 2896 196 2949 17.
214 2903 271 2950 Iulii
290 2903 404 2953 Caesaris
423 2906 518 2956 bellum
537 2905 669 2957 Gallicum.
698 2905 740 2959 18.
757 2906 842 2957 Crassi
860 2909 1004 2959 Parthicum
1015 2919 1075 2958 cum

154 2969 209 3017 eius
230 2984 292 3020 nece
317 2981 341 3021 et
359 2976 483 3025 exercitus
503 2976 574 3026 clade
592 2985 702 3042 gestum.
739 2973 782 3030 19.
801 2977 899 3028 Bellum
916 2978 989 3028 civile
1007 2979 1076 3027 inter

153 3034 287 3088 Caesarem
304 3047 328 3091 at
346 3040 506 3107 Pompeium,
533 3047 619 3094 variae
639 3048 694 3095 eius
712 3047 795 3107 nicea,
818 3047 989 3113 Pompeioque
1003 3048 1074 3097 victo

153 3114 178 3157 et
195 3107 326 3158 interiecto
345 3118 419 3160 aucta
438 3111 553 3162 Caesaris
571 3116 685 3178 potentia
703 3123 727 3164 et
746 3116 847 3166 occisio.

82 3238 139 3347 tt:
152 3191 1074 3361 a,‚⁰t,fraternitatum,titillatu

154 3370 329 3439 exarserunt,
343 3381 427 3422 unum
438 3365 467 3424 in
478 3363 629 3444 Hispania,
648 3367 723 3427 aliud
738 3369 767 3426 in
777 3366 939 3446 Pamphylia
957 3376 985 3427 et
1002 3366 1073 3429 Cili-
