2318 3818
147 217 168 279 6
304 216 306 225 ’
453 213 734 278 ἘΠΤΗΟΡΗ

147 385 195 445 ubi
210 385 374 484 plurimum,
397 383 552 461 nixusque
569 382 604 444 ad
616 385 749 467 quintum
766 382 906 453 decimum
916 383 1065 445 miliarium

148 468 365 610 pospppqentlxv
375 547 482 629 (VIII.)
498 549 570 610 llinc
582 505 717 611 consules
729 567 854 629 coepere
866 568 918 629 pro
929 568 1064 629 unorege

147 635 203 696 duo
215 635 269 693 hac
281 651 367 694 causa
379 635 481 709 creari,
494 643 535 711 ut,
548 637 572 694 si
588 653 658 694 unus
670 633 760 694 malus
773 653 841 695 esse
855 636 1005 711 voluisset,
1024 635 1065 695 al·

145 728 191 779 tsr
201 736 265 777 eum
277 719 384 779 hahens
396 726 566 796 potestatem
579 718 698 778 similem
711 725 871 779 coerceret.
897 719 934 780 Et
946 719 1063 797 placuit,

134 820 182 862 *ne
196 801 485 880 imperium-lougius,
505 820 587 880 quam
598 821 718 862 annuum
729 803 926 879 haberentue
938 820 992 881 per
1003 802 1064 861 diu-

145 887 305 946 turnitatem
317 887 466 963 potestatis
479 885 679 968 insolentiores
689 885 885 963 redderentur,
899 887 950 946 sed
963 884 1064 946 civiles

147 987 261 1047 semper
272 978 380 1045 essent,
394 971 441 1047 qul
453 986 486 1028 se
498 977 565 1047 post
576 987 678 1029 anuum
689 971 795 1030 scirent
806 969 915 1029 loturos
927 988 993 1029 esse
1006 971 1064 1046 pri·

78 1058 135 1102 MJ-
145 1054 236 1113 vatos.
263 1051 389 1112 Fuerunt
400 1055 486 1131 igitur
495 1066 568 1112 enno
580 1054 671 1130 primo
684 1053 813 1131 expulsis
831 1054 948 1130 regibus
960 1070 1065 1112 consu·

83 1125 130 1169 ⁹⁴⁶·
146 1136 190 1197 les
200 1135 232 1194 L.
244 1133 340 1195 lunius
347 1135 460 1212 Brutus,
475 1138 522 1214 qui
533 1137 653 1196 maxime
665 1145 775 1214 egerat,
787 1147 817 1197 ut
826 1135 993 1215 Tarquinius
1002 1134 1065 1214 pel·

145 1220 262 1295 leretur,
277 1217 483 1297 etTarquinius
500 1216 667 1295 Collatinus,
686 1221 801 1280 maritus
813 1219 972 1280 Lucretiae.
1006 1219 1066 1279 Sed

146 1301 298 1382 Tarquinio
311 1301 452 1363 Collatino
466 1304 558 1363 statim
571 1303 681 1362 sublata
692 1312 737 1363 est
755 1302 886 1381 dignitas.
915 1301 1066 1362 Placuerat

146 1388 230 1464 enim,
246 1405 283 1446 ne
296 1389 444 1466 quisquam
456 1389 484 1446 in
496 1387 565 1448 urhe
577 1395 718 1462 maneret,
737 1389 784 1466 qui
797 1385 966 1465 Tarquinius
976 1402 1064 1444 voca·

145 1480 233 1530 retur.
262 1469 341 1548 Ergo
355 1479 477 1549 accepto
486 1473 564 1530 omni
577 1471 745 1549 patrimonio
757 1487 810 1532 suo
823 1489 859 1530 ex
874 1470 946 1530 urbe
960 1471 1064 1548 migra·

144 1555 186 1613 rit
198 1562 226 1612 et
236 1553 303 1612 loco
316 1556 407 1630 ipsius
422 1555 515 1613 lactus
527 1562 571 1612 est
582 1553 713 1614 Valerius
724 1553 870 1614 Publicola
882 1553 992 1613 consul.

154 1649 161 1657 ·
209 1632 289 1695 Cur.
302 1634 435 1716 x.>(1x.)
458 1633 626 1696 Commovit.
636 1646 730 1696 tamen
749 1636 855 1696 bellum
875 1637 937 1696 urbi
954 1635 1064 1696 Romae

144 1737 196 1780 rex
214 1716 396 1798 Tarquinius,
418 1721 465 1797 qui
482 1719 573 1778 fuerat
598 1718 750 1797 expulsus,
773 1718 951 1779 et-collectis
967 1719 1064 1780 multis

75 1798 77 1803 ’
145 1802 290 1880 gentibus,
303 1811 334 1862 ut
345 1803 373 1863 in
382 1821 501 1881 regnum
514 1812 614 1881 posset
625 1803 746 1880 restitui,
760 1802 912 1863 dimicavit.
934 1801 967 1862 ln
973 1804 1064 1881 prima

147 1886 354 1964 pugnaBrutus
368 1887 510 1947 consulet
528 1885 632 1964 Aruns,
657 1885 800 1967 Tarquinii
816 1887 906 1965 lilius,
930 1889 1064 1946 invicem

146 1989 178 2030 se
191 1972 368 2046 occiderunt,
377 1971 501 2030 ¹Romani
512 1980 605 2030 tamen
619 1989 656 2031 ex
667 1989 701 2031 ea
723 1989 817 2049 pugna
823 1973 949 2031 victores
964 1987 1060 2031 reces-

144 2063 257 2124 serunt.
275 2053 390 2114 Brutum
408 2054 553 2114 Romanae
571 2062 730 2125 matronae,
752 2055 933 2115 defensorem
953 2054 1050 2131 pudici

144 2135 200 2196 tiae
213 2154 301 2212 suae,
320 2140 401 2214 quasi
414 2151 591 2196 communem
603 2145 721 2214 patrem,
745 2155 796 2216 per
807 2155 909 2197 aunum
920 2137 1062 2197 luxerunt.

76 2219 275 2280 u.o.Valerius
292 2218 439 2280 Publicola
458 2220 509 2299 Sp.
530 2219 691 2281 lucretium
707 2219 903 2302 Tricipitinum
920 2220 1063 2299 collegam

80 2299 128 2344 ²⁴⁶·
144 2304 198 2365 siri
215 2304 299 2381 lecit,
316 2304 465 2365 Lucretiae
478 2313 601 2383 patrem,
626 2322 683 2383 quo
701 2305 801 2368 morbo
813 2313 942 2382 mortuo,
960 2306 1063 2364 iterum

143 2388 442 2450 HoratiumPulvillum
449 2388 590 2467 collegam
597 2389 651 2449 sibi
662 2390 793 2468 sumpsit.
806 2387 849 2450 Ita
858 2391 965 2467 primus
973 2407 1061 2449 annus

143 2474 270 2550 quinque
285 2473 421 2532 consules
432 2474 538 2550 habuit,
563 2491 627 2532 cum
641 2470 810 2553 Tarquinius
823 2471 977 2535 Collatinus
990 2473 1062 2533 urbe

143 2557 282 2614 cessisset
296 2564 415 2633 propter
429 2572 544 2631 nomeu,
556 2555 658 2616 Brutus
670 2558 783 2635 proelio
796 2557 931 2635 perisset,
945 2556 995 2633 Sp.
1006 2556 1062 2616 Ln-

143 2639 250 2698 crotius
263 2639 364 2700 morbo
375 2647 503 2699 mortuus
518 2647 607 2699 esset.

208 2722 259 2784 Os
268 2741 296 2784 r.
307 2721 359 2789 xl.
373 2722 443 2804 (X.)
466 2721 599 2783 Secundo
612 2739 727 2801 quoque
744 2739 817 2782 anuo
829 2723 931 2784 iterum
942 2723 1061 2802 Tarqui·

142 2808 216 2880 nius,
235 2816 265 2866 ut
278 2808 456 2886 reciperetur
475 2809 504 2867 in
518 2825 653 2885 regnum,
679 2805 785 2867 bellum
803 2806 939 2868 Romanis
956 2808 1060 2885 intulit,

11 2868 49 2982 ἢ
143 2889 309 2951 auxiliumei
321 2890 573 2975 lerentcljorssna,
582 2890 703 2951 Tusciae
711 2907 793 2969 rege,
805 2891 958 2953 etllomam
968 2909 1062 2970 paene

33 3000 43 3041 a
74 2975 228 3051 acecpit.
262 2967 574 3054 Veruln't'dncquo‘qoe
587 2976 680 3034 rictus
695 2985 749 3035 est.
782 2974 879 3036 Tertio
897 2992 971 3037 anno
992 2985 1061 3053 post

79 3055 126 3098 Νι·
141 3075 227 3136 reges
244 3067 361 3119 exactos
376 3056 555 3138 Tarquinius,
583 3076 646 3119 cum
657 3061 766 3137 suscipi
780 3075 838 3120 non
856 3068 958 3138 posset
973 3061 1002 3119 in
1012 3078 1060 3118 re-

73 3154 129 3197 no.
140 3158 236 3220 gnum,
248 3159 343 3221 neque
355 3145 383 3202 ci
395 3142 530 3221 Porsena,
544 3145 592 3221 qui
604 3159 704 3221 pacem
717 3161 780 3203 cum
791 3144 926 3204 Romanis
937 3143 1058 3221 fecerat,

79 3234 125 3277 w·
139 3224 271 3284 auxilium
279 3236 446 3304 praestaret,
455 3226 608 3288 Tusculum
621 3245 654 3287 se
667 3227 795 3304 contulit,
812 3228 1060 3305 quaecivitasnou

138 3306 226 3386 longe
241 3308 276 3370 ab
287 3310 358 3370 urbe
373 3321 432 3388 ost,
448 3319 534 3390 atque
549 3310 589 3370 ibi
606 3329 657 3389 per
668 3311 882 3391 quatuordecim
893 3328 982 3372 annos
1001 3312 1058 3389 pri·

139 3398 222 3452 vatus
232 3410 396 3455 cumvuxore
408 3396 568 3456 consenuit.
597 3394 705 3468 Quarto
718 3408 791 3456 anno
804 3401 872 3472 post
886 3413 973 3472 reges
991 3412 1058 3456 crsa-
