2318 3818
187 216 228 279 28
360 210 376 318 J
534 219 749 278 surnoorr

186 393 297 444 nerunt.
332 382 408 443 Inter
425 382 506 442 alios
514 386 596 443 etiam
617 385 695 443 venit
711 381 822 442 Attalus
840 391 926 461 atque
943 383 1108 464 Eumenes,
1143 449 1147 458 ,

185 467 273 527 Asiae
287 485 384 544 reges,
405 477 433 526 et
444 465 557 526 Prusias
568 466 727 546 Bithyniae
747 465 851 543 Magno
863 467 973 527 horrore
978 472 1109 567 'accepti

186 559 250 612 sunt
266 559 294 610 et
311 552 490 627 permittente
503 559 602 610 senatu
614 550 697 627 dona,
718 568 791 628 quae
804 542 984 627 attulerahts
976 571 1004 611 rn
1016 550 1109 632 Capi·

186 634 256 693 tolio
279 643 445 711 posuerunt.
484 633 598 693 Prusias
614 636 698 694 etiam
715 634 800 693 hlium
818 652 898 693 suurn
914 634 1107 696 Nicomedem

186 720 297 777 senatui
314 717 528 778 commendavit.

249 803 334 861 Can.
349 800 399 861 IX.
427 800 592 879 Insequenti
611 819 683 860 anno
699 800 729 861 t.
749 799 897 860 Mummius
918 803 946 861 in
965 800 1106 879 Hispania

184 886 258 945 bene
270 887 416 963 pugnavit.
445 884 597 945 Marcellus
620 894 720 961 postea
737 884 836 944 consul
853 903 900 943 res
917 884 1021 944 ibidem
1034 903 1105 964 pro·

185 987 271 1048 spere
283 971 383 1046 gessit

115 1081 171 1123 Au
249 1053 335 1113 Car.
347 1051 383 1112 X.
397 1052 464 1133 (V)
494 1051 617 1112 Tertium
630 1051 732 1111 demde
751 1051 856 1112 bellum
871 1060 968 1112 contra
984 1019 1105 1115 Cartha-

120 1148 165 1189 ooo.
184 1137 278 1213 ginem
294 1138 465 1213 suscipitur,
492 1137 702 1196 sexcentesimo
725 1145 753 1195 et
772 1135 860 1196 altero
878 1153 950 1196 anno
972 1137 1007 1197 ab
1027 1139 1105 1198 urbe

186 1218 315 1294 condita,
333 1217 365 1277 t.
376 1217 481 1279 lilanlio
499 1218 657 1279 Censorino
680 1228 708 1277 et
720 1219 756 1277 ll
759 1264 766 1278 .
778 1217 893 1279 Manilio
910 1238 1005 1298 coss,
1027 1240 1104 1282 anno

184 1323 222 1362 nr.
237 1310 312 1379 post,
325 1321 408 1380 quam
420 1303 575 1380 secundum
587 1302 720 1362 Punicum
733 1301 837 1362 bellum
852 1312 1022 1364 transactum
1029 1316 1103 1366 erat.

184 1385 219 1446 lli
234 1385 357 1465 proiecti
373 1383 571 1465 Carthaginem
584 1396 830 1465 oppugnaverunt.
848 1385 952 1447 Contra
961 1405 1013 1447 eos
1028 1388 1102 1449 Has·

120 1478 124 1487 '
185 1470 293 1547 drubal,
308 1471 364 1530 dux
374 1469 657 1548 Carthaginiensium,
674 1471 832 1531 dimicabat.
863 1470 992 1546 Phamea
1003 1472 1061 1533 dux
1072 1491 1102 1533 a·

132 1606 136 1611 .
183 1554 253 1628 lius,
277 1557 413 1631 equitatui
439 1564 569 1630 praeerat
584 1554 867 1630 Carthaginiensium.
897 1556 995 1631 Scipio
1019 1566 1101 1632 tunc,

183 1636 327 1711 Scipionis
349 1636 475 1693 hiricani
499 1651 608 1712 nepos,
635 1637 761 1693 tribunus
778 1637 816 1694 ibi
835 1637 978 1696 militabat.
1009 1638 1102 1699 Huius

182 1718 255 1796 apud
269 1735 366 1777 omnes
379 1720 480 1793 ingens
491 1726 582 1776 metus
596 1727 625 1777 et
643 1720 802 1776 reverentia
814 1727 882 1777 erat.
913 1717 984 1777 Nam
1003 1731 1032 1778 et
1051 1741 1102 1799 pa-

182 1803 337 1862 ratissimus
360 1802 396 1862 ad
422 1801 607 1861 dimicandum
631 1809 660 1861 et
684 1801 909 1860 consultissimus
932 1802 1101 1868 habebatur.

152 1950 159 1965 ι
181 1885 280 1965 ltaque
297 1905 349 1964 per
367 1905 431 1946 eum
446 1886 531 1946 inulta
549 1903 689 1964 prospere
709 1905 724 1945 a
743 1885 907 1945 consulibus
920 1896 1002 1962 gesta
1022 1899 1100 1966 sunt,

181 1971 402 2049 necquidquam
421 1973 510 2047 magis
524 1971 571 2029 vel
587 1969 743 2031 Hasdrubal
760 1969 807 2028 vel
824 1968 944 2029 Phamea
961 1971 1099 2050 vitabant,

119 2078 124 2082 ·
182 2071 264 2130 quarn
275 2063 372 2112 contra
383 2072 444 2112 eam
454 2054 644 2113 Romanorum
655 2063 762 2130 partem
772 2055 958 2130 committere,
975 2054 1022 2113 ubi
1035 2055 1100 2115 Sci-

182 2137 229 2212 pio
245 2134 404 2196 dimicabat.

122 2243 178 2286 am
244 2218 330 2278 Car.
343 2217 393 2278 XI.
425 2218 480 2278 Per
499 2219 574 2278 idem
590 2227 703 2296 tompus
715 2217 879 2294 llasrnrssa
898 2239 949 2280 rex
964 2220 1099 2284 Numida

126 2312 173 2355 6⁰⁴
167 2320 251 2403 rum)
265 2320 317 2381 per·
327 2321 415 2365 annos
428 2305 574 2380 sexaginta
585 2302 761 2362 iereamicus
774 2303 1009 2380 populillomani,
1023 2322 1098 2365 anno

120 2386 129 2403 ‘
180 2388 255 2447 vitae
271 2408 359 2454 nourr
377 2399 502 2448 mortuus
519 2407 586 2448 rnrv
597 2387 662 2447 hliis
681 2386 789 2446 relictis
805 2388 972 2464 Scipionem
989 2388 1098 2448 diviso·

179 2489 239 2529 rem
252 2474 331 2548 regni
347 2474 420 2530 inter
435 2471 508 2530 lilios
526 2490 592 2530 esse
607 2473 698 2530 iussit.

120 2569 177 2610 au.
244 2553 297 2613 Ca
308 2574 333 2614 r.
345 2552 410 2612 llll.
436 2553 525 2612 Cum'
517 2557 603 2632 igitur
619 2554 723 2613 clarum
736 2556 879 2632 Scipionis
890 2571 992 2613 nomen
1004 2565 1112 2632 osset„

120 2635 287 2696 ⁶⁰⁵·iuvenis
305 2636 396 2698 adhuc
423 2636 523 2700 consul
546 2646 590 2696 est
611 2637 702 2697 iactus
725 2646 754 2696 et
776 2647 873 2698 contra
896 2636 1097 2715 Carthaginem

121 2703 168 2748 ⁶⁰⁶·
179 2722 293 2781 missus.
315 2720 344 2781 Is
356 2739 418 2780 eam
433 2722 510 2798 cepit
521 2738 554 2780 ac
567 2721 660 2779 diruit.
694 2720 794 2798 Spolia
810 2721 849 2780 ibi
868 2723 996 2797 inventa,
1020 2739 1097 2800 quae

180 2807 317 2865 variarum
332 2807 474 2864 civitatum
487 2804 605 2864 excidiis
619 2803 761 2881 Carthago
774 2803 948 2882 collegerat,
972 2814 1001 2863 et
1012 2822 1096 2865 orna·

179 2898 272 2947 menta
287 2889 397 2948 urbium
414 2889 575 2947 civitatibus
588 2887 714 2963 Siciliae,
733 2886 845 2965 Italiae,
865 2887 982 2948 Africae
998 2887 1096 2948 reddi·

179 2969 233 3047 dit,
257 2989 330 3050 quae
341 2989 392 3032 sua
402 2972 659 3049 recognoscebant
691 2970 732 3031 lta
744 2969 886 3050 Carthago
898 2973 1096 3049 septingente

179 3056 346 3143 simaeum,
361 3073 444 3154 quarn
456 3054 569 3114 condita
580 3063 655 3130 erat,
677 3054 770 3115 deleta
782 3064 835 3115 est.
865 3056 963 3133 Scipio
978 3072 1095 3134 nomen,

179 3134 270 3217 quod
270 3156 339 3199 avus
356 3141 418 3198 eius
429 3147 597 3216 acceperet,
617 3141 728 3216 meruit,
743 3139 855 3199 scilicet
867 3148 897 3200 nt
907 3148 1027 3218 propter
1036 3156 1095 3200 vrr

176 3230 266 3282 tutem
278 3223 384 3281 etiam'
375 3239 438 3300 rpsc
449 3222 618 3281 Africanus
611 3223 703 3282 runior
716 3233 876 3284 vocaretur.

239 3305 326 3366 Car.
338 3303 417 3366 Xlll.
434 3304 515 3386 (VI.)
532 3304 667 3365 Interim
659 3325 687 3366 rn
699 3305 866 3367 Macedonia
878 3307 990 3386 quidam
1003 3305 1094 3365 Pseu-

176 3387 360 3467 dophilippus
377 3407 452 3452 arma
467 3392 569 3468 mouit,
584 3399 618 3477 'et
627 3388 784 3451 Romanum
802 3399 978 3468 praetorem,
1002 3388 1033 3449 Ρ.
1045 3387 1093 3448 lu·
