2318 3818
432 219 643 287 tranans
949 229 993 293 os

142 396 193 456 Gn
201 416 228 455 r.
243 394 266 454 1.
289 392 358 454 l’ost
368 394 446 454 bunc
453 393 619 455 Maximinus
631 413 668 454 ex
679 412 802 475 corpore
812 396 923 458 militari
935 401 991 476 pri·

77 499 139 541 rnus
160 479 196 539 ad
217 480 364 557 imperium
386 481 510 538 accessit
527 479 589 539 sola
609 478 725 539 militnm
740 479 902 558 voluntate,
929 500 992 541 cum

77 565 153 625 nulla
166 571 282 623 senatus
293 564 512 633 intercessisset
524 565 676 623 auctoritas
688 581 782 642 neque
800 567 864 642 ipse
877 574 992 626 senator

78 656 165 709 esset.
198 645 226 706 ls
244 645 321 707 bello
341 644 478 706 aduersus
490 644 785 707 Germanos-feliciter
800 657 885 726 gesto
901 668 992 709 cuma
1080 709 1086 732 ,

76 732 211 794 militibus
227 733 379 808 imperator
390 738 469 790 esset
482 730 651 809 appellatus,
670 749 686 791 a
701 730 829 810 Pupieno
840 733 991 811 Aquileiae
1015 743 1042 785 Ρ·

77 818 192 876 occisus
209 823 253 874 est
268 814 464 875 deserentibus
481 833 545 873 eum
561 814 694 874 militibus
711 819 770 875 suis
787 834 850 875 cum
867 811 991 880 filio'ad·
1002 811 1054 859 ⁰³*

76 902 132 961 buc
142 916 244 978 puero,
258 917 321 958 oum
330 917 386 978 qno
400 900 587 976 imperaverat
597 901 718 958 triennio
731 908 760 958 et
769 901 867 978 paucis
880 901 990 962 diebus.
1002 879 1050 924 Μ·

141 984 230 1043 Gar.
246 981 283 1041 ll.
308 981 411 1042 Postea
431 991 489 1042 tres
508 981 590 1042 simul
606 981 728 1060 Augusti
742 983 869 1061 luerunt,
888 983 990 1063 Pupie-

77 1087 140 1144 nus,
159 1067 291 1127 Balbinus
308 1076 337 1126 et
348 1064 522 1143 Gordianus,
541 1066 597 1126 duo
610 1068 774 1145 superiores
786 1067 991 1129 obscurissimo

76 1169 200 1230 genere,
224 1149 380 1210 Gordianus
396 1149 516 1226 nobilis,
543 1152 651 1230 quippe
670 1152 750 1210 cuins
772 1161 870 1235 pater,
896 1155 992 1212 senior

76 1234 245 1310 Gordianus,
262 1251 403 1294 consensu
415 1234 541 1310 militum,
560 1253 624 1294 cum
635 1235 864 1313 proconsulatum
874 1235 989 1297 Africae

75 1328 206 1399 gereret,
234 1317 384 1378 Maximino
410 1321 566 1396 imperante
588 1320 723 1396 princeps
745 1319 848 1379 inisset
868 1320 988 1380 electus.

75 1402 175 1480 ltaque
186 1420 249 1461 cum
259 1402 521 1477 Romamvenisset,
537 1400 670 1462 Balbinus
683 1411 712 1461 et
723 1401 865 1480 Pupienus
877 1405 905 1462 in
917 1403 991 1481 pala·
1009 1413 1036 1453 P·
1122 1430 1134 1445 .

76 1488 116 1546 tio
135 1485 277 1546 interlecti
295 1494 375 1561 sunt,
398 1484 453 1544 soli
475 1483 616 1544 Gordiano
637 1487 784 1563 imperium
805 1496 989 1548 reservatum.
1002 1480 1056 1522 Μ·

77 1568 235 1630 Gordianus
246 1568 399 1629 admodum
410 1586 492 1648 puer,
512 1587 575 1629 cnm
589 1568 806 1648 l'ranquillinam
817 1569 925 1631 Romae
940 1572 988 1632 du·
1003 1549 1049 1590 ²³⁸·

74 1657 166 1716 xisset
180 1670 313 1730 uxorem,
332 1651 428 1712 lanum
445 1655 587 1731 geminum
603 1655 729 1731 apernit,
753 1662 782 1714 et
799 1653 834 1714 ad
846 1653 989 1717 Orientem
1012 1676 1039 1719 r.

76 1737 223 1816 proiectus
229 1736 337 1798 Parthis
347 1736 453 1796 bellurn
464 1737 565 1813 intulit,
578 1740 626 1815 qui
637 1739 692 1798 iam
703 1737 888 1798 moliebantur
899 1758 990 1799 erum·
1000 1746 1056 1789 ⁰·N-

76 1839 154 1900 pere.
178 1820 380 1899 Quodqntdem
391 1837 457 1879 mox
468 1819 590 1879 lelieiter
600 1824 692 1897 gessit
704 1822 881 1901 proeliisque
890 1825 988 1901 ingon-
998 1815 1046 1858 ²⁴²·

74 1906 151 1965 tibus
164 1902 266 1964 Persas
278 1903 387 1963 aillixit.
416 1902 540 1963 Rediens
554 1904 628 1963 baud
642 1904 728 1983 longe
744 1924 760 1965 a
775 1905 909 1966 Romanis
927 1908 986 1966 lini·
1011 1919 1038 1960 Ρ.
1110 1977 1112 1981 ,

75 1991 128 2050 bus
148 1989 314 2048 interfectus
326 1996 370 2047 cst
385 1987 485 2048 fraude
500 1987 638 2067 Philippi,
656 1991 704 2067 qui
715 1999 781 2067 post
792 2008 855 2050 enm
870 1992 988 2068 impera·
999 1987 1050 2033 ω

74 2075 125 2133 uit.
148 2071 231 2133 lliles
247 2075 274 2133 ei
286 2070 421 2132 tumulum
435 2074 575 2151 vigesimo
590 2073 736 2134 miliarioa
752 2072 898 2151 circesso,
911 2074 989 2153 qnod
1000 2057 1045 2099 ²⁴⁴·

76 2167 197 2218 castrum
209 2175 282 2218 nnnc
294 2157 483 2217 Romanorum
495 2167 549 2234 est,
564 2156 700 2235 Euphrati
711 2160 873 2235 imminens,
892 2159 987 2219 aedili-

75 2244 160 2318 eault,
173 2244 324 2321 exsequias
336 2240 456 2302 Romam
465 2244 590 2317 revexit,
603 2246 700 2319 ipsum
711 2242 813 2301 Divum
823 2243 986 2321 appellavit.
1034 2239 1037 2244 ’
1112 2260 1114 2265 ·

137 2327 222 2403 Gar.
241 2325 292 2386 lll.
314 2324 436 2403 Philippi
452 2324 524 2400 duo,
546 2323 619 2383 lilius
631 2343 665 2384 ae
677 2335 767 2403 pater,
783 2324 925 2385 Gordiano
939 2342 987 2385 oe·

76 2412 138 2469 ciso
152 2412 299 2486 imperium
310 2411 473 2468 invaserunt
482 2416 569 2486 atque
586 2411 712 2468 exercitu
723 2408 855 2469 ineolumi
866 2409 986 2469 reducto

74 2493 110 2554 ad
126 2492 233 2554 ltaliam
251 2510 267 2552 e
285 2493 367 2569 Syria
384 2493 507 2571 proiecti
524 2501 597 2552 sunt.
641 2491 692 2552 llis
717 2494 918 2573 imperantibus
936 2496 986 2553 mi·

74 2577 192 2638 lesimus
219 2596 307 2639 uanus
327 2577 437 2638 Romae
462 2577 540 2637 urbis
566 2579 673 2655 ingenti
699 2576 827 2638 ludorum
851 2586 987 2660 apparatu

75 2662 360 2743 spectaculorumque
374 2661 535 2722 celebratus
553 2671 606 2722 est.
636 2661 728 2721 llrnbo
745 2662 846 2723 deinde
856 2663 892 2722 ab
905 2680 986 2745 exer·

75 2751 131 2807 citu
154 2748 295 2808 interiecti
316 2756 395 2823 sunt,
424 2748 521 2806 senior
537 2743 683 2823 Philippus
704 2745 851 2821 Veronae,
876 2744 985 2805 Romae
1010 2765 1038 2807 r.
1088 2810 1098 2819 ,

74 2833 175 2891 iunior.
210 2833 298 2892 Annis
316 2834 441 2910 quinque
459 2832 678 2906 imperaverunt.
702 2828 780 2888 Inter
791 2829 879 2887 Divos
893 2833 1055 2945 tumenffl·

74 2913 155 2973 relati
171 2922 244 2974 sunt.
1038 2931 1045 2946 '

138 2999 224 3060 Gar.
236 2996 285 3057 lV.
307 2998 376 3058 Post
389 2997 443 3057 bos
456 2997 567 3057 Decius
585 3016 602 3057 e
621 2996 761 3057 Pannonia
774 2996 919 3073 inferiore,
932 2997 987 3056 Bu·

74 3081 165 3142 daliae
175 3091 267 3159 natus,
275 3084 422 3161 imperium
432 3083 562 3161 sumpsit.
584 3079 986 3160 Bellumciuilc,quodinGal-

72 3167 111 3227 lia
121 3177 227 3227 motum
240 3165 343 3245 luerat,
356 3168 510 3245 oppressit.
533 3165 636 3228 Filium
649 3183 728 3224 suum
745 3163 896 3225 Gaesarem
908 3162 985 3222 lecit.

72 3250 509 3312 Romaelavacrnmaedilicavit.
533 3248 604 3310 Cum
616 3250 730 3310 biennio
740 3250 804 3327 ipse
812 3256 841 3308 et
852 3247 925 3307 lilius
936 3248 986 3306 im·
1010 3273 1038 3316 p,

73 3344 232 3413 parassent,
249 3345 369 3416 uterque
380 3337 408 3396 in
422 3335 568 3396 barbarico
581 3335 723 3395 interlecti
736 3326 800 3394 sunt
815 3341 843 3392 et
854 3333 926 3392 inter
938 3330 988 3391 itt-
997 3342 1056 3456 qq.

73 3434 127 3478 vos
142 3419 234 3480 relati.
374 3430 377 3437 '
1037 3439 1046 3456 ·

1009 3606 1017 3635 l
